1838 3164
137 248 241 298 1301]
410 253 783 288 ΟΗΒΟΝΟΕΒΔΡΗΙΑ
806 251 960 286 REGUH
986 250 1266 285 Pmconmt.
1472 245 1535 284 ¹57

198 332 366 382 Dicunt
379 349 497 382 vero
514 332 725 398 quidam,
743 331 870 398 quod
886 331 1042 396 primo
1057 330 1283 397 Flamingi
1300 329 1541 380 irruerunt

132 426 276 475 super
321 410 542 459 comitem
580 409 870 460 Dmcharum
919 414 968 457 et
1014 409 1236 458 comitem
1277 407 1541 458 Armaniaci

130 502 390 552 eorumque
413 503 606 546 cuneos,
633 486 715 551 qui
738 484 960 535 audacter
983 491 1265 550 receperunt
1294 501 1378 535 eos
1406 503 1417 534 ε
1446 485 1542 535 fac-

130 569 273 628 taque
293 570 366 613 est
390 580 549 630 pugna
570 561 796 612 mirabilia
820 560 881 610 ab
905 567 1107 626 utraque
1131 567 1292 627 parte;
1314 579 1408 627 que
1433 578 1542 612 cum

130 640 476 691 ferventissima
494 639 674 707 jamdiu
697 638 931 698 durasset,
957 639 1294 704 prevaluerunt
1316 639 1542 705 Flamingi

132 716 196 766 ita
214 717 397 767 fortiter
419 724 469 767 et
491 716 702 767 animose
720 715 849 781 quod
871 715 1031 766 Gallici
1049 715 1149 782 jam
1167 732 1220 765 se
1238 715 1541 765 retrahebant

131 797 180 841 et
201 809 290 858 per
313 809 506 858 campos
528 791 878 851 dividebantur,
906 792 1040 858 quasi
1065 792 1295 843 semivicti
1309 793 1344 841 ¹.

195 867 373 919 Deinde
402 867 629 934 Flamingi
665 874 966 918 accesserunt
995 867 1057 918 ad
1086 868 1237 918 aciem
1266 868 1410 935 regie.
1443 870 1543 918 Rex

129 959 244 993 vero
273 944 493 995 nobiliter
517 943 710 995 indutus
734 946 832 995 auis
866 945 1013 995 armis
1041 945 1279 1012 regalibus
1302 950 1351 994 et
1375 944 1545 995 sedens

129 1036 273 1086 super
288 1021 582 1072 dextrarium
601 1039 740 1073 suum
755 1028 1017 1088 tenensque
1032 1022 1266 1073 machiam
1282 1023 1484 1071 ferream
1496 1022 1544 1070 in

130 1098 346 1148 manibus
377 1098 492 1158 suis,
519 1115 629 1149 cum
652 1099 772 1149 vidit
797 1100 918 1150 duos
948 1100 1210 1166 burgenses
1233 1098 1294 1148 de
1317 1097 1541 1156 Parisius,

131 1173 306 1224 scilicet
318 1174 613 1226 Guiuelmum
627 1175 846 1226 Genciani
856 1182 906 1225 et
915 1175 1193 1234 Jobannem‚
1209 1175 1405 1225 tratrem
1420 1174 1540 1241 ejus,

131 1252 311 1302 occisos
331 1251 392 1302 ad
415 1253 600 1303 frenum
624 1254 733 1320 equi
758 1254 831 1303 sui
854 1260 903 1303 et
923 1253 1171 1303 dominum
1187 1253 1462 1304 Anselmum
1482 1252 1544 1302 de

130 1330 352 1396 Caproeia
378 1329 612 1396 jacentem
641 1347 803 1381 coram
833 1347 886 1381 ae
915 1332 1189 1381 mortuum’
1214 1337 1263 1380 et
1292 1330 1543 1381 habentem

131 1406 354 1456 vexillum
384 1407 558 1473 regale,
593 1407 642 1457 id
666 1414 741 1458 est
769 1408 933 1475 gallice
959 1408 1256 1473 l'Oliflambffi
1284 1408 1408 1457 inter
1436 1407 1545 1457 bra-

130 1483 281 1543 chia³,
308 1483 484 1551 incepit
507 1484 694 1552 signum
718 1485 902 1552 regium
926 1485 1146 1543 clamare,
1166 1485 1340 1535 scilicet
1360 1502 1371 1533 ε
1399 1483 1546 1534 Ποπι-

127 1562 221 1625 joie
240 1559 374 1611 Saint
393 1561 565 1619 Deum·
585 1568 635 1611 et
658 1568 886 1628 tanquam
909 1562 984 1612 leo
1009 1561 1328 1612 ferocissimus
1352 1560 1546 1611 intravit

131 1637 340 1688 medium
369 1638 495 1697 belli,
524 1639 792 1704 percutiens
820 1639 928 1689 hinc
951 1645 998 1689 et
1024 1638 1134 1689 inde
1161 1644 1209 1688 et
1236 1642 1544 1704 prosternens

131 1831 168 1871 p.
191 1820 293 1869 586);
315 1819 548 1868 seulement,
569 1820 736 1859 l'auteur
755 1820 936 1859 n'estime
961 1820 1050 1870 qua
1073 1820 1146 1859 200
1171 1820 1351 1859 hommes
1378 1818 1434 1857 lee
1454 1829 1542 1858 ren·

131 1880 229 1919 rort-
247 1892 299 1931 qu
301 1880 340 1919 ’il
359 1891 514 1919 amena.

179 1941 212 1978 1.
234 1939 310 1979 Len
328 1941 531 1979 Amana
550 1941 771 1987 chronique:
789 1941 832 1978 do
852 1941 1013 1978 flandra
1033 1941 1182 1987 (Hister.
1203 1941 1246 1977 do
1266 1941 1344 1983 Fr„
1358 1944 1387 1976 t.
1405 1937 1544 1986 XXII,

131 2011 168 2048 p.
190 1999 259 2039 39⁴
279 2004 318 2038 et
337 2005 427 2039 note
445 1999 480 2043 6)
500 1999 775 2038 mentiounent
795 2005 898 2038 cette
916 2005 1097 2049 attaque;
1117 2004 1156 2037 et
1176 2010 1197 2036 c
1201 1998 1271 2036 'est
1290 1998 1314 2036 a
1334 1999 1419 2036 cela
1437 2003 1478 2035 et
1495 2009 1545 2036 au

132 2058 231 2097 recit
249 2058 296 2096 de
316 2059 353 2097 la
371 2058 556 2098 vaillante
582 2059 764 2097 conduite
782 2058 833 2096 du
854 2059 911 2097 roi
930 2070 1005 2108 que
1025 2069 1067 2096 ae
1086 2058 1206 2097 borne
1231 2058 1316 2096 leur
1336 2058 1479 2107 expoae
1498 2056 1545 2094 de

134 2117 171 2155 la
196 2116 353 2155 bataille
371 2117 418 2156 de
438 2118 804 2156 Mona-en-Pevele.

180 2176 217 2214 2.
239 2177 293 2214 Le
313 2177 588 2216 continuateur
606 2177 653 2215 de
673 2177 894 2216 Guillaume
913 2177 960 2214 de
981 2176 1131 2226 Nangis
1153 2178 1192 2223 (t.
1214 2176 1248 2222 1,
1268 2187 1304 2225 p.
1326 2176 1409 2222 3⁴⁴)
1431 2181 1470 2214 et
1490 2175 1545 2213 les

134 2237 297 2275 Grandes
311 2236 537 2284 ohmntquos
557 2239 599 2283 (t.
615 2236 667 2284 V,
681 2248 717 2285 p.
736 2237 818 2284 165,
834 2249 873 2275 n.
889 2237 927 2283 2,
941 2243 980 2274 et
996 2236 1075 2282 166)
1100 2236 1267 2274 relatent
1287 2235 1378 2273 bien
1393 2236 1430 2272 la
1442 2240 1545 2272 mort

133 2296 202 2334 des
221 2296 323 2333 deux
342 2296 462 2334 freres
481 2296 667 2343 Gentien,
689 2296 804 2344 mais,
830 2307 880 2334 au
905 2296 982 2333 lieu
1006 2295 1207 2334 d'Anseau
1233 2294 1280 2333 de
1307 2295 1543 2341 chevreuse,

134 2360 222 2393 tous
247 2354 349 2393 deux
379 2359 582 2394 nomment
605 2354 628 2391 a
660 2360 737 2392 tort
765 2354 853 2392 flue
881 2354 928 2392 de
954 2354 1144 2392 Bouville.
1178 2353 1241 2392 En
1268 2353 1480 2400 revanche,
1507 2354 1546 2390 la

134 2415 344 2461 chroniquo
373 2413 578 2452 numanae
605 2415 661 2463 (p.
692 2414 759 2461 26)
792 2413 869 2451 suit
901 2413 1123 2452 fidelement
1156 2412 1192 2450 le
1222 2417 1329 2451 texte
1360 2423 1435 2462 que
1468 2412 1544 2450 l'on

134 2483 313 2521 imprime
335 2482 400 2510 ιοι.

181 2531 215 2569 3.
237 2531 460 2570 Guillaume
478 2531 618 2570 Guiart
638 2532 788 2578 (Hister.
809 2533 852 2569 do
872 2533 946 2574 Fr„
969 2536 997 2568 t.
1015 2530 1155 2579 XXII,
1169 2542 1209 2580 p.
1222 2530 1293 2569 290
1312 2535 1351 2568 et
1370 2535 1463 2568 note
1483 2530 1546 2577 10,

134 2599 222 2629 vers
235 2590 364 2638 20428)
385 2589 548 2639 pretend
566 2601 642 2640 que
660 2590 903 2628 l’orissamme
919 2590 1105 2628 veritable
1124 2589 1219 2628 etait
1239 2590 1366 2628 rettee
1380 2589 1405 2626 a
1418 2587 1549 2627 Saint-

135 2650 271 2688 Denis.
293 2650 414 2689 Notre
440 2650 654 2700 chronique
672 2661 723 2688 ne
740 2649 797 2688 dit
818 2650 902 2688 rien
921 2649 968 2687 de
987 2649 1109 2699 pareil
1133 2655 1173 2687 et
1197 2649 1329 2698 ajoute
1347 2649 1436 2697 plus
1462 2647 1542 2685 loin

135 2721 210 2759 que
229 2715 290 2748 cet
309 2708 494 2748 etendard
514 2709 572 2747 fut
589 2708 762 2756 ‹lechin-6,
781 2708 882 2746 mais
902 2719 981 2746 uon
1000 2719 1071 2756 pas
1091 2706 1226 2756 pei-du.
