1838 3164
360 467 452 515 que
476 450 615 499 vellet
638 448 852 499 habere
839 466 888 499 ιιι
913 448 1147 507 Flnndria,
1174 449 1214 498 si
1242 406 1491 514 rem
1494 448 1540 500 ei
1562 455 1773 500 castrum

359 526 440 575 ubi
473 530 594 584 erat,
627 526 849 575 Sanctum
883 524 1139 575 Makarium
1172 531 1218 574 et
1253 524 1343 573 alia
1371 520 1475 574 locs
1507 523 1648 575 foetis
1677 540 1773 591 quo

358 602 596 652 habebat
583 618 631 652 ιιι
654 601 934 653 custodiam.
962 602 1141 663 Quibus
1164 601 1358 668 quidem
1387 600 1607 660 redditis.
1629 617 1774 653 enim

357 678 480 729 dicte
498 679 732 745 promisse
750 696 805 730 ac
829 680 1026 746 pecunie
1048 680 1176 738 date,
1198 678 1396 729 dimisso
1423 678 1529 728 loco
1551 677 1625 729 sui
1647 680 1772 730 Am·-

356 756 456 806 rico
481 756 769 816 Alemanni¹,
792 757 939 807 milite
963 763 1175 815 strenuo,
1195 772 1306 806 cum
1329 755 1600 822 quingentis
1621 755 1775 807 hou-’-

358 833 496 884 nibus
514 850 777 893 armorum,
794 850 1017 884 reversus
1034 839 1108 883 est.
1125 833 1252 883 idem
1273 848 1434 883 comes
1452 832 1512 883 sd
1537 848 1701 899 Μαι
1723 831 1774 883 in

356 911 568 970 Francia,
595 929 651 961 ac
674 911 832 962 retulit
860 911 905 961 ei
932 911 992 961 de
1016 910 1239 976 capcione
1263 926 1348 960 seu
1376 908 1650 960 reddicione
1669 924 1775 961 ms·-

356 992 541 1037 trorum
570 994 619 1038 et
648 988 708 1038 de
740 988 886 1047 dono,
911 986 1043 1053 quod
1067 987 1354 1053 promiserat
1377 985 1506 1036 dicto
1537 985 1768 1046 (ἰοῦσι-ιο,

356 1081 498 1130 quem
518 1081 679 1114 secum
699 1064 955 1124 aduxerat3
979 1064 1109 1130 quod
1135 1081 1163 1113 a
1181 1079 1295 1130 rege
1312 1079 1591 1114 concessum
1612 1068 1704 1114 est.
1775 1079 1777 1081 ’

420 1150 520 1196 Rex
539 1152 718 1206 autem,
738 1147 820 1212 qui
844 1146 1066 1197 eumdem
1089 1146 1311 1196 comitem
1334 1145 1539 1196 Arthesii
1562 1145 1775 1196 hilariter

354 1221 550 1287 recepit,
573 1239 631 1272 eo
655 1222 783 1288 quod
803 1223 927 1272 filius
943 1222 1046 1288 ejus
1069 1226 1288 1271 mortuus
1311 1227 1454 1279 esset,
1482 1236 1571 1271 nec
1594 1219 1775 1272 libem·

354 1297 549 1347 haberet
590 1304 754 1364 preter
790 1298 1051 1358 Matildem,
1090 1314 1292 1349 uxorem
1329 1297 1550 1357 Othonis,
1585 1297 1774 1351 coniti

353 1374 639 1441 Burgundie,
656 1375 764 1424 fecit
779 1375 1133 1425 matrimonium
1150 1375 1211 1425 de
1230 1374 1400 1425 eodem
1418 1374 1592 1425 comite
1603 1374 1774 1427 Artho-

355 1452 410 1500 sii
436 1458 485 1501 et
510 1455 788 1519 Margareta,
816 1453 910 1502 filia
938 1453 1180 1511 lobannis,
1209 1452 1396 1503 comitis
1427 1452 1684 1513 amonica
1710 1452 1772 1503 de

354 1546 447 1594 qua
471 1528 779 1594 postmodum
803 1545 899 1579 non
925 1528 1089 1579 habuit
1109 1528 1303 1579 liberos.

418 1613 486 1661 Eo
514 1616 731 1678 tempore
764 1611 885 1662 sacta
908 1618 982 1661 est
1006 1628 1101 1678 pax
1133 1611 1259 1662 inter
1289 1590 1576 1679 Philippum,
1607 1627 1773 1681 regem

353 1690 642 1737 Francorum
682 1692 731 1738 et
770 1688 1115 1747 Edowardum,
1152 1705 1316 1756 regem
1350 1689 1639 1757 Anglorum,
1683 1706 1774 1758 per

351 1765 705 1814 matrimonium
736 1765 868 1831 quod
904 1765 1143 1815 contraxit
1172 1765 1300 1815 idem
1333 1766 1634 1818 Edowardus

350 1841 578 1900 Johanna,
607 1858 773 1892 sorore
797 1842 926 1910 regis
950 1842 1180 1908 Philippi;
1205 1848 1255 1892 et
1278 1843 1346 1892 sic
1363 1859 1565 1911 regnum
1586 1843 1635 1894 in
1654 1860 1772 1911 poce

351 1918 595 1967 remansit.
633 1922 685 1968 In
715 1918 909 1968 Bolonia
942 1918 1070 1969 enim
1105 1934 1251 1986 supra
1283 1935 1434 1979 mare,
1469 1920 1772 1986 presentibus

352 1994 662 2045 nobilioribus
694 1995 940 2060 utriusque
973 1995 1108 2062 regni
1142 1995 1437 2062 principibus
1466 1997 1771 2049 dominabus·-

351 2089 468 2137 que,
508 2072 701 2138 prelatis
731 2089 787 2122 ac
827 2072 931 2122 aliis
969 2073 1353 2139 quamplurimis,
1387 2074 1623 2124 celebrate
1660 2081 1772 2126 sunt

353 2149 515 2214 nuptie
547 2149 671 2199 inter
711 2165 820 2207 eos;
858 2148 1161 2216 reddiditque
1195 2150 1438 2217 Philippus
1476 2167 1644 2202 socero
1682 2168 1772 2204 suo

352 2225 620 2275 Edowardo
659 2241 852 2276 omnem
899 2232 1078 2276 terram
1117 2227 1346 2280 vasconiae
1368 2234 1434 2278 ,et
1474 2227 1767 2294 Aequitanie‚

353 2320 496 2368 quam
528 2302 880 2368 conquisiverat
912 2319 1059 2370 super
1089 2320 1199 2354 eum
1215 2322 1241 2354 ·:
1272 2310 1325 2355 et
1343 2305 1422 2355 sic
1451 2306 1767 2367 mewa-duo,

402 2483 436 2520 1.
458 2481 514 2520 Cf.
538 2482 744 2529 ‹zi-dossas,
763 2493 814 2520 au
836 2481 938 2531 sujet
955 2481 1003 2520 ds
1022 2492 1068 2520 ce
1087 2493 1347 2533 personnage,
1367 2495 1405 2534 p.
1426 2485 1488 2533 6⁰,
1506 2496 1549 2525 n.
1569 2486 1605 2524 4.
1672 2524 1676 2528 ,

400 2541 435 2579 2.
458 2540 563 2580 G’est
579 2540 627 2579 de
646 2541 749 2580 Jean
767 2541 1002 2590 d’Avesnes,
1022 2546 1153 2580 comte
1177 2541 1227 2579 de
1242 2542 1434 2594 Hainaut,
1454 2544 1549 2594 qu'il
1570 2549 1634 2583 est
1649 2555 1768 2595 que·-

354 2600 439 2638 tion
456 2600 521 2638 ici.
543 2600 620 2638 Les
637 2601 843 2639 Ancionnos
854 2602 1075 2648 chroniqm
1092 2601 1136 2638 do
1156 2602 1318 2641 Mo
1329 2602 1386 2641 lui
1403 2603 1580 2643 donnent
1591 2603 1617 2642 ἆ
1634 2608 1713 2642 um
1730 2603 1769 2643 le

354 2659 520 2707 prenom
538 2658 586 2696 de
605 2659 830 2697 Guillaume
851 2660 1002 2707 (Hister.
1022 2660 1156 2704 dost„
1171 2664 1200 2698 t.
1222 2659 1362 2710 xlm,
1382 2673 1421 2710 p.
1443 2662 1526 2710 373,
1546 2667 1587 2701 et
1605 2667 1700 2701 noto
1717 2661 1767 2709 5),

357 2717 424 2766 qui
442 2722 503 2755 est.
522 2718 624 2756 celui
642 2717 689 2757 de
709 2729 782 2756 son
800 2718 875 2756 fils.
