1838 3164
119 274 223 321 1314]
389 276 761 311 cmouocupnu
785 276 940 310 nsua
963 275 1244 310 rmoonux.
1454 269 1523 308 219

116 357 290 406 fecerat
313 372 366 406 se
389 356 651 407 transferri.
676 358 780 415 Quo
801 360 1010 413 mortuo,
1038 355 1230 405 allatum
1254 360 1327 405 est
1349 370 1525 419 corpus

114 433 216 500 ejus
244 433 464 492 Parisius,
492 433 542 483 in
567 431 764 499 collegio
788 430 931 481 studii
958 432 1114 481 Sancti
1143 430 1369 483 Bernardi
1400 430 1525 482 Pari·

113 510 302 570 siensi¹,
324 509 405 560 ubi
429 510 581 560 factus
600 514 673 558 est
695 508 843 558 lectus
867 507 1196 573 pulcer-rimus,
1217 524 1364 574 super
1381 514 1524 573 quem

113 586 296 651 positus
326 591 400 636 est
423 585 551 636 idem
572 599 660 635 rex
682 583 949 642 defunctus,
977 584 1212 650 regalibus
1240 584 1525 635 indumentis

114 662 337 722 vestitus;
364 662 612 728 positaque
630 664 707 711 est
729 676 906 711 corona
928 660 978 710 in
1004 660 1158 726 capite
1185 661 1288 727 ejus
1315 668 1364 712 et
1389 678 1525 727 scep-

113 745 242 790 trum
269 740 319 789 in
346 755 491 790 manu
510 737 630 804 eius,
657 754 713 788 ac
737 737 847 789 inde
871 737 1080 804 perlatus
1101 743 1177 788 est
1198 738 1260 788 ad
1282 738 1525 789 cathedra-

111 816 206 866 lem
229 815 474 867 ecelesiam
494 815 631 866 beate
650 814 809 873 uarie,
830 813 912 865 ubi
929 814 1137 881 gloriose
1152 814 1352 880 exequie
1370 814 1524 864 eidem

111 892 284 943 exibite
302 896 429 950 sunt,
450 891 749 958 presentibus
766 896 815 941 et
831 891 1094 942 astantibus
1111 890 1264 941 tribus
1281 890 1390 941 filiis
1404 890 1520 947 suis,

109 968 391 1034 duobusque
419 968 642 1019 fratribus
671 969 799 1035 ejus,
833 968 1088 1035 multisque
1118 968 1303 1035 magnis
1330 968 1446 1018 viris
1477 975 1525 1017 et

109 1045 303 1111 prelatis
325 1061 380 1096 ac
403 1045 505 1096 aliis
529 1045 764 1112 personis,
786 1051 885 1096 tam
902 1045 1191 1096 semilaribus
1214 1061 1359 1111 quam
1377 1045 1524 1096 eccle-

108 1123 324 1182 siasticis,
349 1139 553 1189 quorum
577 1139 802 1174 numerus
825 1123 913 1173 soli
935 1126 1034 1173 Deo
1057 1123 1273 1191 cognitus
1292 1124 1417 1174 est2.
1441 1122 1524 1172 Die

109 1216 224 1249 vero
255 1200 480 1259 crastina,
515 1199 896 1266 processionibus
925 1200 1124 1266 previis‚
1158 1199 1329 1251 ductus
1356 1204 1431 1249 est
1461 1198 1524 1249 ad

107 1277 352 1327 ecclesiam
375 1277 646 1327 monasterii
666 1276 820 1328 Sancti
839 1276 1080 1335 Dionisii³‚
1101 1274 1524 1327 concomitantibus

107 1370 218 1404 eum
247 1354 605 1422 quadringentis
636 1354 950 1421 burgensibus
979 1353 1114 1404 tedas
1138 1353 1414 1412 serentibus,
1443 1351 1523 1403 ubi

109 1429 365 1480 honorifice
397 1435 446 1480 et
478 1430 697 1496 regaliter
724 1430 858 1496 juxta
893 1435 1078 1496 patrem
1108 1445 1248 1480 suum
1281 1429 1369 1479 fuit
1402 1429 1523 1478 intu-

107 1505 362 1557 mulatus⁴.

603 1593 873 1642 Lunovmus
906 1602 1021 1641 nux.

171 1704 354 1752 Mortuo
379 1717 493 1768 rege
521 1700 753 1768 Philippo,
783 1704 1101 1768 cognomento
1125 1698 1341 1756 Pulchro,
1370 1698 1523 1749 Ludo-

107 1779 260 1838 vicus,
292 1777 416 1829 filius
450 1776 552 1844 ejus
579 1777 948 1844 primogenitus,
979 1793 1067 1827 rex
1099 1779 1308 1826 Navarre
1339 1775 1520 1825 ratione

105 1855 271 1908 matris
293 1872 396 1915 sue,
426 1861 594 1923 regnat
611 1855 660 1906 in
684 1855 877 1906 Francia
900 1861 950 1906 et
970 1854 1188 1922 regnavit
1210 1870 1334 1903 anno
1359 1870 1454 1903 uno
1474 1860 1522 1902 et

154 1991 188 2029 1.
209 1991 285 2030 Les
302 1990 506 2029 Amicam
525 1992 745 2039 chr-uniquus
763 1992 806 2028 do
824 1992 986 2029 planare
1005 1991 1155 2036 (Hister.
1171 1991 1215 2027 do
1233 1989 1315 2033 Fr„
1331 1995 1360 2027 t.
1379 1988 1519 2037 XXII,

105 2061 143 2099 p.
155 2051 238 2098 ⁴01)
253 2051 383 2090 disent
395 2051 687 2089 inexaetement
703 2064 711 2087 z
731 2064 749 2086 ι
760 2049 784 2088 a
798 2050 926 2097 Paris,
940 2060 990 2088 en
1004 2049 1151 2098 l’eglise
1166 2048 1280 2087 Saint
1294 2047 1485 2088 Bet-nard,
1500 2061 1517 2082 ι

151 2109 187 2148 2.
209 2109 266 2147 La
284 2109 339 2148 fin
357 2108 405 2148 de
425 2113 527 2148 cette
547 2109 687 2158 phrase
707 2114 768 2147 est
787 2109 911 2147 omise
930 2118 1000 2156 par
1014 2108 1070 2145 les
1084 2109 1288 2146 Amicum
1301 2109 1519 2155 chroniquos

104 2170 150 2206 do
170 2170 342 2208 mandra.

152 2228 186 2266 3.
207 2228 264 2266 La
282 2229 492 2276 moremque
510 2229 717 2266 nov-mando
736 2229 786 2277 (p.
809 2226 865 2273 31)
891 2226 1055 2275 pretend
1082 2226 1106 2263 ἰι
1131 2231 1209 2264 tort
1236 2236 1312 2276 que
1339 2225 1518 2274 Philippo

106 2287 142 2325 le
161 2286 234 2324 Bel
254 2286 311 2324 fut
329 2288 485 2326 enterre
504 2286 528 2324 ὶι
547 2286 722 2336 l’abbaye
735 2285 782 2325 de
801 2285 1021 2324 Barbeanx.
1039 2285 1102 2323 Du
1121 2290 1240 2333 reste,
1253 2295 1351 2334 pour
1369 2285 1405 2323 le
1419 2284 1516 2323 tecit

106 2344 152 2383 de
171 2345 208 2382 la
227 2349 329 2383 mort
347 2344 395 2383 de
412 2345 588 2395 Philippo
610 2344 646 2382 le
665 2344 751 2392 Bel,
770 2344 847 2383 elle
866 2343 1029 2382 s’ecarte
1047 2343 1095 2382 de
1114 2348 1227 2382 notre
1247 2348 1368 2382 texte.

153 2405 188 2442 4.
211 2404 387 2454 Philippo
419 2404 455 2443 le
484 2404 558 2443 Bel
587 2408 745 2442 mourut
775 2404 810 2441 le
838 2403 885 2441 29
913 2402 1124 2441 novembre
1152 2402 1258 2441 1314.
1289 2402 1424 2441 Parmi
1455 2413 1518 2440 ses

105 2464 340 2502 executeurs
352 2462 684 2509 testamentum,
698 2473 750 2500 on
764 2462 842 2503 cite
854 2462 912 2500 les
924 2472 1039 2499 noms
1052 2461 1099 2499 de
1114 2461 1214 2499 frere
1224 2460 1518 2499 Remudd’Au-

104 2522 250 2571 begny,
262 2533 335 2561 son
350 2521 589 2569 conten-our,
606 2527 646 2560 et
657 2520 705 2560 de
715 2521 855 2559 maitre
870 2520 1046 2569 Philippo
1066 2521 1102 2558 le
1124 2531 1305 2559 convers.
1324 2520 1381 2567 (L.
1397 2520 1517 2558 loaca-

105 2581 221 2629 bane,
240 2583 501 2620 Dissertations
526 2592 594 2620 sur
617 2582 797 2619 l'ht‘stm‘ro
821 2582 865 2617 do
890 2581 1028 2618 Franco
1050 2591 1103 2617 au
1127 2581 1222 2618 111¹·
1239 2581 1357 2623 sixto.
1379 2580 1517 2618 Biblio-

105 2642 233 2688 msquo
250 2643 293 2678 aa
312 2632 441 2679 ι’Βωιο
456 2642 517 2679 aas
533 2642 689 2686 onam,
712 2640 840 2679 muse
867 2639 1132 2686 1811-1812,ι.
1153 2638 1229 2686 m,
1249 2650 1286 2688 p.
1309 2638 1368 2677 13.
1389 2658 1438 2668 -
1461 2638 1516 2677 ιε

104 2697 274 2747 premier
290 2698 500 2736 document
517 2698 648 2747 public
665 2709 737 2748 par
754 2708 800 2736 ce
820 2703 960 2735 navant
979 2701 1040 2735 est
1058 2698 1247 2736 conserve
1266 2697 1291 2735 ὁ,
1309 2697 1349 2735 la
1366 2696 1515 2735 Biblio-

105 2757 248 2806 theque
267 2757 464 2796 nationale
484 2768 575 2796 sous
595 2758 631 2795 le
650 2765 694 2795 n⁶
712 2757 830 2795 23256
848 2757 899 2794 du
920 2757 1030 2794 fonds
1051 2757 1232 2806 francais,
1253 2756 1318 2795 fol.
1341 2758 1386 2795 5⁷
1407 2759 1472 2802 1¹0.)
