1838 3164
296 313 361 351 244
569 313 936 365 cunomomuruu
963 313 1113 347 RBGU!
1140 312 1418 346 UMNCORUH.
1582 308 1688 355 [13¹8

298 416 317 440 ‹
349 394 598 443 Audomari
623 399 671 442 et
694 392 844 452 Ari-ie,
870 409 962 458 que
986 391 1124 441 michi
1157 391 1393 457 pertinent
1420 406 1480 440 ex
1504 407 1599 456 quo
1630 391 1691 440 ini

298 491 318 517 ι
349 476 536 520 centum
573 470 680 518 anni
716 469 934 535 completi
965 475 1090 518 sunt.
1125 470 1276 528 Quare
1308 468 1444 517 vobis
1479 466 1693 533 suppiico

297 566 318 591 ‹
342 546 516 612 juvetis
544 562 620 595 me
647 545 707 595 ad
734 545 1105 611 recuperandum
1134 544 1440 593 hereditatem
1469 559 1640 592 meam.
1666 562 1689 589 ι

293 624 372 673 Cui
409 623 566 672 multis
601 622 1014 681 concordantibus,
1051 622 1125 671 alii
1164 621 1384 671 dixerunt
1419 619 1547 686 quod
1583 619 1689 677 boc,

293 716 407 765 pace
431 698 733 765 postmodum
753 699 956 758 firmata,
984 705 1217 748 cassatum
1241 704 1330 747 est.

356 775 533 826 Tandiu
574 793 691 825 vero
730 777 1049 825 continuatum
1089 782 1161 824 est
1202 775 1247 824 in
1289 772 1523 824 discordia
1565 771 1694 839 quod

292 869 450 903 comes
477 852 791 910 Nivernensis‚
819 852 942 901 filius
964 851 1175 918 ejusdem
1197 851 1382 901 comitis
1407 848 1696 916 primogeni-

292 936 384 986 tus,
406 945 515 979 cum
532 928 684 978 tribus
700 928 820 977 villis
840 927 1051 976 Flandrie
1067 927 1195 977 venit
1212 928 1395 977 Arriam
1413 932 1461 976 et
1479 925 1696 976 tmctavit

291 1022 399 1054 cum
418 1004 608 1053 domino
628 1003 833 1054 Sulliaci¹
851 1002 979 1069 quod
1000 1003 1348 1053 matrimonium
1359 1002 1419 1052 de
1437 1001 1692 1058 Ludovico.

292 1082 386 1131 filio
408 1098 494 1131 suo
518 1087 565 1130 et
588 1081 680 1130 filia
705 1081 888 1130 comitis
912 1081 1077 1131 Valesii
1101 1086 1334 1130 cassatum
1355 1085 1480 1130 esset
1503 1086 1552 1129 et
1567 1077 1694 1143 qnod

292 1158 416 1208 idem
430 1157 691 1208 Ludovicus
704 1158 1009 1223 desponsaret
1018 1156 1256 1224 juniorem
1267 1156 1407 1206 filiam
1418 1156 1544 1222 regis
1555 1158 1701 1205 Fran-

292 1234 379 1292 cie‚
404 1233 592 1283 nomine
612 1237 918 1300 Margaretam
947 1252 957 1282 ε
986 1240 1033 1283 et
1052 1233 1131 1283 tali
1152 1239 1291 1299 pacto
1309 1249 1403 1299 pax
1421 1231 1509 1282 fuit
1526 1230 1697 1281 conflr-

292 1314 416 1357 mata
437 1313 485 1357 et
510 1315 804 1358 recesserunt
829 1315 1027 1375 uterque
1046 1308 1297 1367 exercitus,
1324 1307 1516 1374 proviso
1540 1313 1696 1356 tannen

292 1385 419 1450 quod
450 1401 610 1435 comes
640 1385 853 1436 Flandrie
879 1385 1081 1436 debebat
1111 1386 1180 1436 ire
1205 1385 1407 1436 Parisius
1430 1384 1490 1434 ad
1515 1400 1694 1451 regem,

292 1462 352 1511 ad
370 1462 734 1528 assecurandum
750 1463 926 1514 dictum
944 1462 1234 1513 Ludovicum
1247 1462 1308 1513 de
1325 1462 1547 1512 comitatu
1564 1460 1699 1511 Flan-

292 1538 411 1588 drie.
445 1541 503 1588 Et
540 1538 600 1588 ad
640 1540 729 1589 hoc
763 1546 1101 1590 consenserunt
1137 1540 1278 1589 etiam
1319 1538 1553 1590 Robertus
1590 1537 1698 1588 Sine

291 1618 449 1673 Terra,
469 1615 586 1664 alter
601 1615 723 1665 filius
741 1616 861 1682 ejus,
876 1623 925 1665 et
939 1616 1128 1665 domina
1147 1615 1408 1674 Couciacbi‚
1425 1630 1563 1666 soror
1573 1614 1694 1681 ejus,

293 1689 526 1740 mediante
549 1698 925 1741 assecuramento
949 1692 1077 1757 quod
1102 1692 1212 1742 inde
1235 1691 1439 1741 habituri
1464 1697 1615 1741 erant.

358 1767 763 1817 Conestabularius
792 1774 948 1818 autem
978 1785 1198 1818 reversus
1225 1776 1298 1818 est
1328 1768 1389 1817 ad
1420 1784 1600 1835 regem,
1627 1767 1699 1818 di-

293 1843 438 1893 misso
485 1845 758 1894 marescallo
804 1846 1091 1895 Bellimontis
1132 1845 1180 1894 in
1221 1847 1390 1895 Sancto
1428 1844 1699 1895 Audomaro

292 1924 488 1983 propter
518 1919 756 1984 predictos
788 1920 1042 1980 federatoS‚
1070 1922 1150 1986 qui
1177 1921 1333 1970 villam
1357 1921 1579 1971 infestare
1603 1937 1697 1970 non

292 1995 552 2045 cessabant.
568 1999 714 2046 Porro
727 1996 854 2046 idem
867 1997 1108 2047 Deci-amba
1122 1997 1182 2047 de
1198 1998 1503 2058 Bellomonte,
1522 2014 1699 2048 mareon

292 2072 436 2121 callus
453 2074 660 2132 Francie,
684 2073 892 2139 quodam
915 2090 1051 2123 mane
1074 2074 1237 2125 exiens
1261 2074 1320 2124 de
1345 2076 1515 2124 Sancto
1539 2073 1699 2125 Audo-

292 2165 444 2207 mar0,
465 2150 578 2199 abiit
590 2151 649 2200 ad
667 2153 887 2219 Sanctum
905 2151 1235 2209 Venancium²‚
1257 2167 1313 2201 ac
1328 2158 1523 2216 repente
1540 2151 1700 2221 ingre-

293 2222 426 2274 diens
450 2226 626 2284 villam,
654 2227 867 2293 repperit
890 2226 1018 2292 quod
1043 2227 1264 2278 mstodes
1287 2228 1460 2278 castelli
1488 2228 1699 2279 exierant

342 2370 374 2406 1.
399 2383 416 2405 ‹
438 2369 538 2408 Item
562 2382 660 2419 pour
687 2372 725 2410 la
749 2373 913 2421 jour-nse
932 2372 1001 2411 des
1026 2372 1226 2422 Flamens,
1250 2375 1316 2423 qui
1345 2375 1402 2413 fut
1420 2375 1444 2412 a
1462 2374 1696 2424 Gompiegne

295 2439 311 2461 ι
333 2427 498 2466 environ
522 2429 560 2466 la
591 2429 704 2468 saint
732 2429 856 2468 Denis
879 2443 943 2469 noc
968 2443 1060 2469 xvm
1090 2433 1133 2478 (9
1163 2433 1320 2470 octobre
1350 2433 1484 2480 13¹8),
1515 2439 1556 2472 et
1587 2445 1612 2482 y
1640 2433 1698 2471 fut

295 2499 311 2521 ι
333 2486 486 2525 missire
506 2487 554 2525 de
573 2487 658 2525 Suli
676 2494 716 2526 et
733 2489 781 2526 de
801 2501 873 2528 nos
892 2496 1024 2528 autres
1050 2492 1268 2540 namneum,
1288 2498 1327 2530 et
1346 2504 1372 2541 y
1391 2492 1509 2531 retint
1534 2492 1697 2531 messim

295 2618 310 2637 ι
335 2604 418 2641 voir
443 2605 481 2642 le
509 2605 617 2642 lundi
641 2606 732 2654 jour
757 2607 804 2645 de
831 2607 944 2646 Saint
967 2608 1092 2646 Denis
1113 2610 1147 2657 (9
1172 2610 1358 2658 octobre),
1384 2611 1421 2648 le
1447 2610 1572 2648 mardi
1595 2617 1635 2648 et
1658 2611 1695 2647 le

296 2677 313 2697 α
333 2663 550 2712 Πιθιηυθᾱί,
575 2665 611 2702 le
632 2665 760 2713 jeusdi
784 2668 1037 2706 ensuivsnt...
1059 2682 1077 2703 ι
1105 2667 1223 2712 (Bibl.
1251 2675 1351 2716 nat„
1381 2680 1455 2707 ms.
1484 2669 1530 2707 fr.
1559 2669 1693 2715 23256,

293 2720 357 2758 fol.
378 2722 422 2758 47
443 2724 508 2770 το.)
534 2723 602 2760 Cet.
627 2725 769 2762 extruit
796 2726 982 2764 confirmo
1006 2726 1043 2764 le
1072 2727 1154 2764 tole
1178 2727 1391 2775 important
1415 2739 1491 2777 que
1516 2729 1555 2766 la.
1579 2729 1695 2766 chro-

293 2780 408 2828 nique
428 2782 580 2828 publiee
598 2783 649 2820 ici
668 2785 776 2831 prete
797 2796 846 2822 au
866 2786 943 2823 sire
962 2785 1010 2823 de
1030 2785 1156 2834 Sully.

338 2839 372 2876 2.
397 2838 696 2890 Saum-Vanam,
719 2844 1048 2883 arrondissement
1064 2844 1110 2882 de
1130 2845 1324 2893 Remum,
1345 2852 1450 2884 cant.
1471 2846 1519 2883 de
1537 2846 1692 2884 Lillers.
