1838 3164
349 329 394 366 20
620 328 989 364 cnnouoomu’uu
1014 327 1166 362 noun
1192 325 1471 361 mucelam.
1642 322 1749 371 [¹285

348 410 414 459 vit
434 408 706 458 comitatum
724 425 751 456 a
770 423 908 474 rege3
930 406 1003 456 cui
1023 404 1268 471 respondit
1291 422 1300 453 :
1328 424 1350 451 ι
1377 404 1543 455 Venias
1561 420 1667 454 cm
1687 404 1748 453 de

344 502 479 534 mane
502 491 548 534 et
572 483 766 533 habebis
790 499 1087 549 responsum.
1123 502 1144 529 ι
1173 482 1297 531 Fecit
1326 480 1460 531 miles
1488 497 1596 531 cum
1622 497 1749 531 cam·-

341 561 509 611 breriis
541 577 724 611 camere
757 560 901 627 regis,
936 559 1064 625 quod
1097 559 1249 609 nullus
1276 559 1472 608 intraret
1498 556 1558 607 ad
1583 573 1748 625 regem

339 638 490 688 donec
504 638 605 704 ipse
619 637 810 687 rediret.
829 637 964 689 Venit
982 637 1083 702 ipse
1102 636 1161 686 de
1181 653 1319 685 mane
1336 642 1400 694 et,
1423 640 1616 700 reperto
1635 650 1750 703 rege

339 715 386 764 in
420 715 565 774 lecto,
603 715 777 765 iterum
811 714 946 780 petiit
985 714 1276 764 comitatum.
1318 712 1577 780 Respondit
1612 728 1700 763 rex
1733 730 1744 762 z

342 812 363 838 ι
388 794 425 842 Ο
449 792 711 851 karissime,
736 791 956 842 dominus
979 791 1212 841 Johannes
1236 790 1296 840 de
1321 790 1480 850 Venis,
1506 787 1749 856 querendo

338 867 480 918 istum
503 868 776 918 comitatum
801 867 861 917 de
886 873 984 916 tota
1006 872 1161 926 nocte,
1186 884 1279 917 non
1305 866 1522 933 permisit
1540 882 1617 916 me
1635 864 1750 915 dor-

337 945 472 994 mire.
506 964 528 991 2
556 973 621 982 —
645 964 666 991 ι
697 946 734 994 Ο
757 944 949 993 domine
973 944 1039 993 mi
1063 960 1167 1003 rex,
1195 942 1436 1010 quomodo
1460 942 1616 993 dicitis
1638 942 1746 1002 hec,

337 1022 444 1087 quia
470 1022 545 1071 ille
570 1021 790 1070 dominus
813 1020 1049 1070 Johannes
1070 1027 1144 1070 est
1161 1020 1209 1069 in
1228 1021 1474 1080 Tharenta,
1499 1036 1586 1070 nec
1603 1018 1751 1069 vidis-

337 1098 398 1147 tis
429 1114 536 1147 eum
570 1103 678 1147 sunt
708 1097 753 1163 iij
788 1113 994 1146 menses.
1029 1117 1050 1143 ι
1078 1097 1339 1163 Respondit
1369 1114 1454 1146 rex
1488 1114 1499 1145 ι
1535 1116 1558 1143 ι
1590 1095 1751 1147 Karis-

338 1175 471 1232 sime,
494 1175 618 1223 bona
642 1190 726 1223 sua
748 1173 886 1232 facta,
910 1173 1130 1223 notabilia
1149 1174 1345 1223 servicia
1364 1172 1504 1223 michi
1522 1173 1644 1223 sacta
1662 1188 1751 1238 per

337 1250 542 1316 pericula
572 1251 619 1300 in
653 1250 824 1316 quibus
858 1267 909 1299 se
944 1250 1102 1315 posuit
1126 1258 1324 1316 propter
1353 1266 1448 1309 me,
1484 1255 1582 1299 tota
1612 1254 1751 1299 nocte

337 1327 655 1375 clamaverunt
684 1327 731 1375 in
768 1326 961 1376 auribus
996 1327 1138 1385 meis,
1176 1327 1327 1376 taliter
1358 1325 1488 1392 quod
1518 1325 1608 1375 sibi
1639 1324 1751 1376 dedi

337 1403 628 1453 comitatum.
651 1407 708 1453 Et
732 1403 973 1468 quomodo
997 1409 1155 1468 potest
1179 1403 1383 1452 servitor
1401 1401 1568 1452 melius
1586 1407 1752 1468 petere

338 1480 571 1546 premium
612 1496 756 1545 quam
794 1480 995 1530 fideliter
1033 1479 1310 1530 serviendo?
1353 1481 1488 1530 Certe
1526 1478 1751 1530 dominus

338 1562 588 1621 expectare
600 1573 694 1605 non
702 1556 863 1615 debet,
879 1557 1008 1621 quod
1019 1556 1123 1605 talis
1137 1557 1373 1622 premium
1386 1562 1518 1622 petat
1526 1555 1708 1606 verbo¹.
1725 1574 1748 1602 ι

402 1637 585 1683 Mortuo
613 1650 728 1682 vero
759 1633 945 1698 prefato
972 1634 1163 1692 Karolo,
1193 1650 1305 1700 rege
1330 1633 1497 1693 Sicilie,
1525 1631 1752 1684 successit

339 1710 404 1768 ei,
443 1715 542 1759 tam
573 1710 620 1758 in
650 1726 821 1776 regn0,
854 1726 997 1775 quam
1027 1710 1075 1759 in
1105 1711 1349 1760 Provincia
1382 1716 1431 1759 et
1459 1709 1747 1777 Andegavia,

338 1786 536 1836 Karolus
566 1792 880 1852 cognomento
914 1786 1138 1845 Claudus,
1172 1786 1295 1836 filius
1328 1786 1593 1852 eius².}1ic
1626 1785 1752 1852 regi-

387 1920 420 1955 1.
442 1918 552 1956 Cette
572 1918 752 1956 curieuse
771 1919 933 1957 histoire
952 1924 1013 1957 est
1031 1918 1123 1957 bien
1142 1918 1341 1957 conforme
1367 1930 1418 1957 su
1443 1920 1643 1958 caractere
1669 1919 1751 1957 tres

335 1977 438 2024 juste
457 1988 531 2025 que
551 1977 699 2014 villani
719 1977 1004 2018 reconnaissait
1023 1978 1047 2015 8
1065 1977 1226 2016 Charles
1244 1977 1428 2026 d’Anjou.

385 2035 420 2072 2.
442 2036 498 2072 La
517 2036 741 2084 genealogie
761 2036 878 2084 qu’on
897 2048 945 2074 va
965 2037 1036 2074 lire
1057 2048 1080 2074 a
1099 2038 1161 2075 ἑιό
1179 2037 1392 2086 interpolee
1413 2038 1491 2075 lors
1509 2037 1556 2075 de
1588 2038 1626 2075 18
1653 2047 1750 2076 con·

339 2092 483 2131 fection
501 2093 548 2131 de
568 2094 728 2132 l’oeuvre
748 2095 964 2144 historique
983 2096 1179 2144 generale,
1195 2096 1287 2134 telle
1305 2096 1444 2145 qu’elle
1458 2102 1517 2134 est
1537 2097 1750 2135 conserves

339 2151 436 2188 dans
456 2152 491 2189 le
512 2153 728 2191 manuscrit
753 2153 799 2190 de
819 2153 964 2191 Berne.
985 2154 1089 2192 C'est
1114 2155 1215 2192 ainsi
1239 2155 1356 2203 qu’on
1381 2167 1406 2203 y
1432 2155 1560 2193 releve
1580 2155 1618 2192 la
1636 2165 1751 2193 men-

339 2209 422 2247 tion
441 2210 487 2248 de
510 2211 548 2247 la
574 2217 676 2258 mort
700 2212 747 2249 de
771 2212 924 2250 Jeanne
949 2213 997 2250 de
1021 2213 1154 2261 Sicile,
1181 2213 1400 2252 assassinee
1425 2225 1495 2262 par
1520 2213 1683 2252 Charles
1701 2212 1750 2251 de
1792 2237 1798 2242 ·

340 2267 515 2306 Durazzo
535 2269 569 2306 le
589 2269 636 2307 22
654 2270 734 2307 mai
756 2271 860 2308 1382.
882 2271 948 2309 Un
968 2264 1161 2320 fragment
1181 2271 1228 2309 de
1254 2278 1354 2310 cette
1381 2273 1622 2321 genealogie,
1639 2272 1750 2322 copie

341 2336 408 2362 sur
437 2338 491 2363 un
520 2329 738 2366 manuscrit
771 2329 838 2378 qui
869 2341 919 2367 ne
951 2331 1150 2368 contenait
1178 2341 1248 2379 pas
1276 2331 1333 2368 les
1361 2331 1678 2380 interpolamus,
1707 2342 1750 2369 se

340 2392 519 2424 retrouve
548 2387 645 2425 dans
674 2389 730 2426 les
757 2390 960 2427 Aneiennss
987 2391 1205 2436 chroniques
1239 2391 1281 2426 de
1308 2392 1466 2427 flandra
1491 2390 1612 2435 (Bibl.
1649 2395 1750 2438 1181»,

339 2445 450 2482 fonds
471 2446 640 2496 francais
660 2447 792 2495 2036&
813 2448 878 2486 fol.
899 2448 944 2486 70
965 2453 1034 2494 ν’).
1056 2448 1090 2485 11
1109 2459 1132 2486 8
1151 2449 1213 2486 ete
1229 2449 1321 2498 juge
1335 2461 1431 2488 avec
1445 2450 1578 2487 raison
1589 2450 1749 2488 inexnct

340 2509 379 2540 et
397 2504 608 2553 incomplet
628 2512 667 2544 et
686 2507 750 2544 n’a
768 2518 838 2555 pas
858 2508 919 2545 ete
944 2507 1124 2555 imprime
1148 2507 1246 2546 dans
1272 2508 1445 2546 l’edition
1470 2508 1748 2558 fragmentaire

340 2563 455 2611 qu’en
474 2575 498 2600 a
515 2563 666 2602 donnee
680 2566 716 2603 le
728 2567 870 2605 flooueil
881 2568 941 2604 des
957 2568 1161 2604 Histoi-iens
1173 2562 1216 2604 do*
1229 2570 1367 2605 Franoe
1380 2574 1424 2612 (t.
1441 2568 1581 2616 XXII,
1593 2579 1631 2617 p.
1647 2567 1746 2612 34⁹).

340 2621 402 2658 En
421 2626 504 2659 tout
530 2634 611 2671 cas,
635 2625 664 2660 il
691 2625 875 2663 convient
898 2624 947 2663 de
971 2636 1197 2674 remarquer
1220 2637 1310 2674 que,
1336 2626 1433 2664 dans
1461 2627 1518 2665 les
1542 2628 1748 2664 Ancum

341 2681 556 2727 chroniques
575 2685 617 2720 de
636 2685 805 2729 Flamin,
828 2684 866 2722 la
885 2684 1109 2733 genealogie
1128 2683 1286 2722 s'arrete
1305 2685 1329 2721 ὁ,
1343 2685 1520 2734 Philippe
1531 2684 1580 2723 de
1591 2684 1743 2723 Valois.

341 2738 446 2776 Celle
460 2741 527 2788 qui
538 2747 597 2779 est
616 2741 817 2790 imprimes
829 2744 882 2781 ici
894 2743 994 2781 n'est
1006 2745 1124 2792 guero
1134 2744 1221 2792 plus
1235 2750 1371 2782 exacte
1387 2758 1396 2781 :
1412 2744 1514 2782 ainsi
1529 2743 1692 2782 charles
1707 2743 1745 2781 le

342 2797 509 2837 Boiteux
519 2806 584 2838 eut
594 2812 644 2839 en
655 2801 787 2840 realite
799 2803 865 2840 dix
876 2802 937 2840 fils
950 2808 990 2840 et
1001 2803 1092 2852 cinq
1104 2802 1203 2842 filies
1219 2817 1227 2840 :
1248 2804 1283 2841 18
1298 2809 1401 2842 reste
1417 2809 1477 2842 est
1489 2803 1514 2842 8
1526 2803 1740 2842 l'avenant.
