1838 3164
323 320 389 357 276
593 318 962 355 eunououmrnu
989 319 1142 354 mul
1167 319 1446 355 MNGOBU..
1614 320 1644 367 [¹
1653 319 1720 357 32⁴

321 410 368 453 et
393 402 611 452 comitem
642 400 702 451 de
732 400 939 467 Cygneio
962 417 1016 450 ac
1044 399 1214 450 ducem
1241 400 1514 458 Eubulide,
1543 402 1723 451 ratione

322 478 484 528 uxoris
525 493 623 527 sue.
671 475 878 527 Alteram
917 475 1136 526 dominus
1178 475 1360 525 Sulliaci
1402 475 1722 542 desponsavit.

320 554 530 604 Terciam
555 570 715 603 comes
742 553 803 603 de
831 555 1021 603 Foresta
1055 552 1191 602 duxit
1220 552 1267 601 in
1298 567 1515 610 uxorem,
1543 568 1604 602 ex
1634 569 1726 619 qua

318 632 481 682 habuit
508 631 692 682 unicam
721 630 863 680 filiam
895 636 945 680 et
974 630 1214 687 heredem,
1248 646 1392 695 quam
1423 629 1727 696 postmodum

316 708 597 768 Ludovicus,
625 708 723 758 dux
748 707 987 767 Borbonii‚
1016 708 1140 757 fliius
1171 708 1314 766 Petri,
1342 708 1475 758 ducis
1505 708 1726 759 Borbonii

317 783 702 853 supranominati,
718 785 1066 852 dispensatione
1077 785 1332 852 apostolica
1351 785 1486 836 duxit
1502 801 1725 844 uxorum

315 870 364 913 et
387 870 557 930 quarta
584 863 773 913 nomine
805 865 1063 928 Margareta
1098 861 1260 929 nupd!
1288 862 1491 913 Guidoni
1519 862 1582 913 de
1613 862 1730 914 uzi-

315 940 478 1007 gneio‚
516 939 832 1006 primogenito
870 938 967 988 filio
1001 939 1238 1005 lingonis,
1278 940 1404 1007 regis
1439 939 1566 1006 Cipri
1598 945 1650 990 et
1679 939 1728 988 in

316 1017 514 1066 insulam
539 1016 666 1081 Cipri
692 1014 918 1081 perducta
942 1021 1032 1064 est.

381 1096 479 1143 Hoc
505 1092 698 1158 quidem
727 1092 1080 1142 matrimonium
1109 1093 1350 1143 firmatum
1372 1100 1446 1144 est
1470 1110 1530 1143 ex
1554 1093 1728 1144 utrius-

316 1187 409 1235 que
421 1170 563 1236 regis,
577 1170 752 1220 scilicet
764 1169 962 1235 Philippi
980 1170 1173 1220 Francie
1187 1176 1234 1219 et
1251 1177 1502 1236 paredum
1514 1170 1729 1238 eju-dem

316 1247 492 1297 domini
515 1253 563 1297 et
581 1246 780 1313 predicti
799 1246 1027 1313 unigenit,
1048 1263 1260 1307 assensu,
1285 1247 1363 1297 tati
1375 1254 1522 1314 pacto
1540 1247 1672 1314 quod
1686 1248 1728 1298 si

315 1323 495 1390 prefata
513 1321 706 1372 domina
723 1339 783 1372 ex
802 1322 1016 1389 predicto
1032 1323 1244 1373 Gnidone
1261 1323 1437 1374 liberos
1454 1330 1728 1390 procrearet

315 1406 380 1459 et,
416 1417 526 1450 casu
557 1399 814 1458 accidente,
847 1398 1001 1450 Guido
1023 1399 1085 1450 ab
1115 1400 1203 1450 hac
1226 1400 1330 1451 luce
1361 1401 1584 1468 migraret
1619 1405 1728 1451 ante

314 1483 501 1542 patrem
530 1492 686 1535 suum,
713 1491 808 1525 non
836 1476 897 1527 ad
927 1482 1111 1526 ceteros
1139 1477 1263 1528 filios
1285 1477 1398 1528 dicti
1422 1478 1551 1546 regis
1576 1478 1726 1544 cipri,

314 1552 398 1602 sed
415 1552 477 1602 ad
495 1552 669 1602 liberos
683 1551 1147 1620 pretecti'Guidonis,
1169 1554 1305 1620 regni
1324 1553 1560 1604 hereditas
1575 1554 1727 1604 obve-

315 1630 452 1679 niret.
475 1629 653 1679 Accidit
667 1624 828 1678 autem
843 1628 973 1694 quod
986 1629 1209 1695 jamdicta
1230 1630 1394 1680 habuit
1413 1646 1560 1681 unum
1576 1630 1728 1682 fllium

314 1723 376 1756 ex
399 1705 628 1763 Guidone‚
649 1706 820 1755 marito
839 1722 943 1763 suo,
966 1706 1048 1771 qui
1064 1706 1206 1772 paulo
1224 1712 1335 1773 post
1355 1706 1576 1767 decessit,
1597 1713 1730 1759 anb-

314 1795 459 1848 quam
476 1801 503 1832 a
521 1788 657 1848 patre
675 1782 736 1832 de
754 1798 902 1849 regno
916 1789 1043 1832 esset
1058 1783 1262 1833 saisitus.
1285 1786 1386 1834 Rex
1402 1785 1569 1844 eciam,
1590 1790 1729 1851 putu·

315 1860 438 1926 ejuS,
475 1866 629 1909 morte
661 1866 941 1925 preventus,
981 1876 1076 1909 non
1110 1860 1265 1927 potuit
1297 1861 1555 1912 observare
1590 1861 1728 1912 sedus

316 1937 445 2001 quod
475 1936 675 2002 ipsemet
704 1935 950 2002 pepigerat
977 1952 1086 1986 cum
1117 1936 1350 2003 Philippo,
1384 1954 1496 2004 rege
1526 1940 1730 1989 Franco-

314 2030 439 2073 rum,
463 2020 634 2079 patruo
652 2030 712 2063 ex
738 2019 873 2078 parte
897 2013 1063 2063 matris
1087 2013 1211 2063 dicte
1234 2013 1424 2063 domine
1448 2020 1496 2063 et
1519 2015 1729 2081 pomati-

314 2090 404 2140 bus
437 2091 537 2157 ejus
571 2109 582 2139 :
619 2096 914 2156 quapropter
943 2090 1167 2140 successit
1198 2090 1242 2140 ei
1274 2091 1323 2140 in
1356 2107 1505 2158 regno
1538 2094 1724 2151 Petnn,

313 2168 436 2218 filius
456 2168 557 2234 ejus
580 2173 691 2233 post
714 2167 922 2232 primum
946 2173 1100 2217 natus.

378 2246 575 2294 Domina
589 2261 719 2303 vero,
734 2250 929 2310 accepto
946 2245 1042 2293 filio
1060 2261 1164 2303 suo,
1184 2247 1380 2311 Hugone
1396 2245 1456 2294 de
1471 2245 1721 2313 Lizigneio‚

314 2340 340 2371 a
365 2323 506 2388 Cipro
535 2322 728 2372 recessit
758 2327 807 2371 et
835 2321 896 2371 ad
927 2321 1255 2372 consobrinam
1287 2338 1422 2371 suam
1444 2323 1723 2384 schamam,

313 2398 528 2465 reginam
573 2398 723 2447 Sicilie
737 2436 750 2456 ‚
795 2397 843 2447 in
891 2398 1125 2464 Apulliam
1170 2398 1519 2458 transfretavit,
1570 2399 1651 2450 ubi
1698 2417 1727 2448 a

313 2477 538 2535 Roberto‚
566 2475 778 2541 principe
809 2475 871 2524 de
903 2475 1150 2533 Tharenta,
1185 2475 1471 2541 imperatore
1501 2478 1726 2527 Consum-

314 2553 622 2619 tinopolitano
651 2557 701 2601 et
729 2551 943 2618 principe
965 2552 1152 2611 Achaie‚
1181 2569 1274 2617 que
1297 2569 1422 2602 nunc
1444 2556 1600 2603 florea
1623 2553 1725 2604 sive

317 2728 371 2754 un
390 2717 556 2765 diploma
575 2717 627 2754 du
647 2717 690 2755 13
710 2727 816 2755 mars
836 2716 930 2756 ¹354
949 2718 1003 2765 (n.
1025 2719 1101 2764 ει).
1129 2717 1163 2754 11
1187 2718 1319 2756 reunit
1336 2719 1361 2757 i
1379 2729 1443 2757 ses
1460 2718 1662 2758 domnine:
1685 2719 1722 2757 le

319 2778 445 2815 comte
464 2777 511 2815 de
530 2776 672 2824 Ghiny.
