1838 3164
345 261 387 299 74
626 259 1001 295 cunouoomvuu
1027 259 1181 292 REGUU
1205 257 1487 292 mNGORUU
1651 254 1759 302 [¹2oe

343 342 490 393 Walie
508 339 716 389 vellent
705 355 756 387 in
774 338 991 405 Angliam
1010 353 1223 387 remeare
1242 342 1292 386 et
1306 335 1437 401 quod
1456 336 1631 387 nullam
1651 352 1761 403 pre-

342 419 453 468 dam
468 415 756 482 reportaturi
771 421 930 467 essent
941 415 1002 466 de
1023 414 1238 481 partibus
1252 412 1582 472 citi-anurinis,
1600 412 1762 465 habito

342 496 465 545 inter
504 510 556 544 se
594 493 789 544 consilio
828 493 890 544 de
926 491 1234 559 depredando
1274 490 1458 549 villam,
1503 496 1765 557 pomemnt

343 573 501 639 ignem
534 572 583 620 in
618 570 834 637 pluribus
870 570 984 620 locis
1021 569 1080 619 de
1117 569 1243 627 villa,
1282 573 1336 618 ut
1371 567 1764 620 Gandnvensibus

343 647 696 699 intendentibus
711 648 827 715 igni,
848 647 1027 697 facilius
1043 646 1151 695 villa
1169 644 1532 711 depretiaretur.
1550 646 1765 711 Cumque

343 726 516 776 domus
547 725 939 776 comburerentur
962 730 1013 774 et
1045 723 1262 774 homines
1289 722 1351 772 de
1375 722 1485 772 villa
1509 728 1671 773 essent
1700 722 1764 774 ad

343 804 520 871 ignem,
547 801 846 852 intendentes
863 818 974 851 eum
989 801 1284 867 extinguere,
1306 800 1486 867 Anglici
1509 806 1561 850 et
1576 798 1765 852 walen-

343 896 420 930 ses
434 879 674 929 intrabant
689 894 884 945 magnas
898 877 1069 928 domos
1083 882 1129 926 et
1150 877 1398 942 capiebant
1417 892 1618 943 pannos,
1640 875 1764 927 divi-

343 957 434 1007 tias
462 963 509 1007 et
539 955 698 1005 omnia
730 972 823 1021 que
851 955 914 1005 ibi
947 960 1102 1004 erant.
1137 953 1273 1014 Quod
1306 954 1627 1020 percipientes
1662 953 1766 1004 Ph-

344 1034 509 1100 mingi,
519 1033 715 1083 dimisso
724 1033 849 1099 igne,
859 1033 1183 1082 clamaverunt
1192 1031 1254 1081 ad
1267 1047 1417 1089 arma,
1431 1030 1767 1097 irrueruntque

345 1129 490 1177 super
509 1128 592 1161 eos
611 1116 659 1160 et
675 1110 950 1160 occiderunt
967 1126 1029 1158 ex
1047 1107 1117 1159 eis
1136 1109 1234 1158 sere
1255 1108 1353 1174 iiij*
1369 1108 1521 1166 milia;
1542 1114 1593 1158 et
1610 1107 1768 1159 adbuc

345 1205 490 1254 super
499 1188 615 1236 alios
626 1187 727 1252 pari
743 1186 887 1236 modo
900 1185 1166 1243 irruissent,
1180 1183 1269 1233 nisi
1286 1197 1448 1233 comes
1466 1183 1770 1236 Flandrends

343 1271 393 1314 et
422 1264 557 1330 pueri
590 1263 708 1329 ejus,
743 1279 827 1312 eos
859 1278 968 1311 cum
1007 1261 1214 1310 maxima
1247 1277 1369 1326 pena
1407 1260 1766 1312 reu-axisuenv.

344 1345 454 1391 Post
475 1341 563 1390 hec
580 1346 739 1390 autem
757 1355 843 1389 rex
859 1339 1024 1405 Anglie
1043 1344 1090 1388 et
1115 1338 1338 1404 princeps
1359 1338 1526 1397 Walie‚
1544 1338 1628 1404 qui
1645 1337 1768 1389 mi-

342 1425 420 1469 tos
448 1418 509 1468 de
544 1418 642 1467 suis
665 1417 940 1476 amiserant,
974 1431 1107 1466 mare
1138 1415 1385 1475 intrantes,
1414 1419 1770 1496 transmearunt

343 1497 392 1546 in
416 1495 680 1563 Angliam'.

409 1574 577 1624 Dicunt
614 1588 731 1621 vero
763 1570 984 1637 quidam,
1021 1569 1152 1634 quod
1183 1585 1293 1620 cum
1324 1568 1647 1629 Edowardus,
1678 1585 1768 1620 rex

344 1650 510 1717 Anglie
533 1654 581 1699 et
604 1648 774 1707 Guido,
793 1663 955 1697 comes
979 1646 1212 1706 Flandrie,
1234 1662 1345 1696 cum
1364 1646 1526 1697 multis
1541 1646 1769 1714 principi-

345 1728 436 1777 bus
444 1726 687 1776 Almannie
699 1730 859 1775 essent
870 1724 920 1773 in
934 1723 1179 1783 Gandavo,
1195 1724 1326 1774 venit
1336 1740 1501 1775 comes
1512 1723 1765 1783 Sabnudie,

345 1821 405 1853 ex
419 1808 556 1869 parte
572 1802 698 1868 regis
714 1801 923 1859 Francie‚
944 1799 1010 1849 ad
1020 1816 1187 1887 regem
1204 1801 1387 1867 Anglie,
1410 1801 1474 1850 ad
1497 1801 1770 1852 habendum

346 1881 518 1930 breves
541 1885 749 1944 treugas,
772 1877 952 1938 Quibus
970 1877 1225 1936 concessis,
1247 1894 1335 1927 rex
1359 1878 1555 1928 Francie
1571 1878 1770 1945 mpiens

345 1956 557 2006 dividere
591 1954 870 2014 amiciciam,
905 1970 999 2018 que
1036 1959 1141 2004 erat
1174 1954 1300 2004 inter
1322 1970 1487 2021 regem
1518 1955 1687 2022 Anglio
1719 1961 1769 2006 et

344 2033 567 2082 comitem
603 2031 843 2089 mandrie,
889 2030 1111 2080 tractavit
1149 2046 1237 2096 per
1275 2030 1497 2080 eumdem
1539 2032 1766 2083 comitem

345 2109 579 2160 Sabaudie
603 2109 732 2175 apud
754 2107 992 2174 prefatum
1010 2123 1177 2174 regem
1193 2107 1378 2174 Angiie,
1402 2108 1625 2173 quatinus
1645 2110 1768 2161 aoei-

344 2193 482 2253 peret
498 2186 547 2236 in
571 2202 772 2236 uxorem
787 2188 1118 2251 utimar-etam,
1141 2201 1360 2234 sororem
1385 2201 1539 2245 suam,
1561 2190 1612 2235 et
1635 2186 1767 2252 quod

394 2336 428 2372 ¹.
450 2334 520 2372 Get
539 2339 627 2372 acte
652 2333 701 2372 de
718 2332 959 2383 brigandage
984 2338 1046 2371 est
1065 2334 1227 2372 raconte
1250 2333 1398 2382 parles
1421 2335 1631 2374 Ariciam
1654 2335 1769 2374 cliro-

346 2396 475 2441 m‘ques
503 2395 545 2430 de
571 2394 731 2430 Flandrc
757 2394 906 2439 (Histor.
937 2394 981 2430 de
1005 2394 1082 2436 Fr..
1110 2398 1139 2430 t.
1161 2392 1299 2440 XXII,
1323 2404 1361 2441 p.
1383 2393 1483 2441 360),
1508 2394 1610 2432 mais
1635 2393 1660 2432 ὲ
1689 2405 1769 2433 une

345 2454 434 2491 date
462 2453 765 2501 completement
789 2452 972 2490 inexacte
984 2465 994 2497 3
1016 2451 1119 2490 ainsi
1141 2452 1171 2489 il
1198 2451 1235 2489 le
1253 2452 1364 2500 place
1383 2452 1407 2489 a
1432 2452 1612 2491 Pan-ivea
1635 2452 1690 2492 du
1709 2453 1769 2492 roi

345 2510 618 2560 d’Angleterre
644 2522 694 2548 au
714 2521 875 2549 sacours
899 2509 947 2548 do
966 2510 1046 2549 Gui
1063 2509 1111 2548 de
1137 2509 1383 2559 Dampierre.
1404 2510 1462 2549 Cf.
1483 2511 1707 2551 ci-dessous
1726 2513 1766 2551 la

344 2570 511 2609 seconde
538 2570 697 2609 version
725 2569 779 2608 du
805 2570 935 2608 meme
964 2569 1221 2618 &venemenn
1253 2569 1351 2608 celle
1382 2570 1518 2619 qu‘ont
1546 2570 1672 2610 cuivis
1706 2571 1766 2610 les

343 2631 548 2668 Anciennes
572 2631 791 2677 chroniques
813 2630 857 2667 do
881 2630 1054 2667 mandre.
1080 2629 1139 2666 La
1165 2629 1376 2677 Chronique
1407 2632 1615 2668 nov-mande
1641 2633 1692 2680 (p.
1719 2630 1766 2669 ¹2

344 2694 385 2727 et
404 2689 460 2732 13}
481 2700 532 2726 ne
551 2688 680 2726 donne
700 2699 775 2738 que
794 2689 834 2726 la
850 2688 1043 2738 premiere
1060 2687 1233 2727 version.

393 2750 429 2786 2.
451 2750 509 2786 La
528 2751 738 2796 Chr-unique
757 2751 966 2787 normands
983 2748 1040 2787 dit
1058 2749 1173 2798 qu'ils
1193 2749 1528 2799 s’emharquerent
1546 2749 1570 2787 ὲ
1587 2749 1704 2788 Dam.
