<?xml version="1.0" encoding="UTF-8"?>
<!DOCTYPE html PUBLIC "-//W3C//DTD XHTML 1.0 Transitional//EN"
    "http://www.w3.org/TR/xhtml1/DTD/xhtml1-transitional.dtd">
<html xmlns="http://www.w3.org/1999/xhtml" xml:lang="en" lang="en">
 <head>
  <title>
</title>
<meta http-equiv="Content-Type" content="text/html;charset=utf-8" />
  <meta name='ocr-system' content='tesseract 3.04.00' />
  <meta name='ocr-capabilities' content='ocr_page ocr_carea ocr_par ocr_line ocrx_word'/>
</head>
<body>
  <div class='ocr_page' id='page_1' title='image "./chronographiareg01mora_0119.png"; bbox 0 0 1838 3164; ppageno 0'>
   <div class='ocr_carea' id='block_1_1' title="bbox 107 300 1506 348">
    <p class='ocr_par' dir='ltr' id='par_1_1' title="bbox 107 300 1506 348">
     <span class='ocr_line' id='line_1_1' title="bbox 107 300 1506 348; baseline -0.001 -9"><span class='ocrx_word' id='word_1_1' title='bbox 107 300 211 348; x_wconf 79' lang='lat'>13⁰2]</span> <span class='ocrx_word' id='word_1_2' title='bbox 383 304 754 339; x_wconf 75' lang='lat' dir='ltr'><strong>CHRONOGRAPmA</strong></span> <span class='ocrx_word' id='word_1_3' title='bbox 778 305 932 339; x_wconf 70' lang='lat' dir='ltr'><strong>amun</strong></span> <span class='ocrx_word' id='word_1_4' title='bbox 956 304 1237 339; x_wconf 69' lang='lat' dir='ltr'><strong>muconma.</strong></span> <span class='ocrx_word' id='word_1_5' title='bbox 1440 301 1506 338; x_wconf 80' lang='lat'><strong>10¹1</strong></span> 
     </span>
    </p>
   </div>
   <div class='ocr_carea' id='block_1_2' title="bbox 100 382 1510 755">
    <p class='ocr_par' dir='ltr' id='par_1_2' title="bbox 100 382 1510 755">
     <span class='ocr_line' id='line_1_2' title="bbox 169 382 1510 450; baseline -0.001 -17"><span class='ocrx_word' id='word_1_6' title='bbox 169 385 335 434; x_wconf 89' lang='lat' dir='ltr'><strong>Comes</strong></span> <span class='ocrx_word' id='word_1_7' title='bbox 359 400 491 450; x_wconf 82' lang='lat' dir='ltr'><strong>ergo,</strong></span> <span class='ocrx_word' id='word_1_8' title='bbox 519 390 771 449; x_wconf 77' lang='lat' dir='ltr'><strong>postquam</strong></span> <span class='ocrx_word' id='word_1_9' title='bbox 794 382 973 432; x_wconf 89' lang='lat' dir='ltr'><strong>audivit</strong></span> <span class='ocrx_word' id='word_1_10' title='bbox 996 384 1207 442; x_wconf 87' lang='lat' dir='ltr'><strong>missam,</strong></span> <span class='ocrx_word' id='word_1_11' title='bbox 1233 383 1510 432; x_wconf 85' lang='lat' dir='ltr'><strong>convocavit</strong></span> 
     </span>
     <span class='ocr_line' id='line_1_3' title="bbox 103 459 1505 525; baseline -0.001 -15"><span class='ocrx_word' id='word_1_12' title='bbox 103 460 364 519; x_wconf 89' lang='lat' dir='ltr'><strong>consilium,</strong></span> <span class='ocrx_word' id='word_1_13' title='bbox 383 461 431 509; x_wconf 92' lang='lat' dir='ltr'><strong>in</strong></span> <span class='ocrx_word' id='word_1_14' title='bbox 447 477 542 525; x_wconf 89' lang='lat' dir='ltr'><strong>qno</strong></span> <span class='ocrx_word' id='word_1_15' title='bbox 557 460 693 510; x_wconf 88' lang='lat' dir='ltr'><strong>multi</strong></span> <span class='ocrx_word' id='word_1_16' title='bbox 706 459 1038 509; x_wconf 87' lang='lat' dir='ltr'><strong>consuluerunt</strong></span> <span class='ocrx_word' id='word_1_17' title='bbox 1054 477 1113 509; x_wconf 87' lang='lat' dir='ltr'><strong>ne</strong></span> <span class='ocrx_word' id='word_1_18' title='bbox 1128 466 1242 510; x_wconf 92' lang='lat' dir='ltr'><strong>tunc</strong></span> <span class='ocrx_word' id='word_1_19' title='bbox 1257 460 1505 518; x_wconf 87' lang='lat' dir='ltr'><strong>bellarent;</strong></span> 
     </span>
     <span class='ocr_line' id='line_1_4' title="bbox 101 536 1509 604; baseline -0.001 -17"><span class='ocrx_word' id='word_1_20' title='bbox 101 537 186 588; x_wconf 85' lang='lat' dir='ltr'><strong>sed</strong></span> <span class='ocrx_word' id='word_1_21' title='bbox 210 538 360 604; x_wconf 86' lang='lat' dir='ltr'><strong>major</strong></span> <span class='ocrx_word' id='word_1_22' title='bbox 374 553 486 603; x_wconf 89' lang='lat' dir='ltr'><strong>pars</strong></span> <span class='ocrx_word' id='word_1_23' title='bbox 508 536 728 602; x_wconf 89' lang='lat' dir='ltr'><strong>opposito</strong></span> <span class='ocrx_word' id='word_1_24' title='bbox 751 536 1017 595; x_wconf 85' lang='lat' dir='ltr'><strong>consentiit,</strong></span> <span class='ocrx_word' id='word_1_25' title='bbox 1040 537 1103 586; x_wconf 90' lang='lat' dir='ltr'><strong>ita</strong></span> <span class='ocrx_word' id='word_1_26' title='bbox 1119 544 1189 596; x_wconf 89' lang='lat' dir='ltr'><strong>ut,</strong></span> <span class='ocrx_word' id='word_1_27' title='bbox 1207 553 1269 587; x_wconf 84' lang='lat' dir='ltr'><strong>ex</strong></span> <span class='ocrx_word' id='word_1_28' title='bbox 1283 542 1509 603; x_wconf 85' lang='lat' dir='ltr'><strong>precepto</strong></span> 
     </span>
     <span class='ocr_line' id='line_1_5' title="bbox 101 611 1510 677; baseline -0.001 -14"><span class='ocrx_word' id='word_1_29' title='bbox 101 613 311 675; x_wconf 79' lang='lat' dir='ltr'><strong>comitis,</strong></span> <span class='ocrx_word' id='word_1_30' title='bbox 345 613 515 663; x_wconf 88' lang='lat' dir='ltr'><strong>bucina</strong></span> <span class='ocrx_word' id='word_1_31' title='bbox 540 612 809 670; x_wconf 78' lang='lat' dir='ltr'><strong>insonante,</strong></span> <span class='ocrx_word' id='word_1_32' title='bbox 843 611 999 661; x_wconf 88' lang='lat' dir='ltr'><strong>cuncti</strong></span> <span class='ocrx_word' id='word_1_33' title='bbox 1028 629 1080 661; x_wconf 90' lang='lat' dir='ltr'><strong>se</strong></span> <span class='ocrx_word' id='word_1_34' title='bbox 1112 612 1417 677; x_wconf 79' lang='lat' dir='ltr'><strong>disponerent</strong></span> <span class='ocrx_word' id='word_1_35' title='bbox 1448 612 1510 662; x_wconf 87' lang='lat' dir='ltr'><strong>ad</strong></span> 
     </span>
     <span class='ocr_line' id='line_1_6' title="bbox 100 688 1508 755; baseline -0.001 -15"><span class='ocrx_word' id='word_1_36' title='bbox 100 690 292 740; x_wconf 88' lang='lat' dir='ltr'><strong>bellum.</strong></span> <span class='ocrx_word' id='word_1_37' title='bbox 327 693 454 740; x_wconf 86' lang='lat' dir='ltr'><strong>Tunc</strong></span> <span class='ocrx_word' id='word_1_38' title='bbox 483 688 630 755; x_wconf 80' lang='lat' dir='ltr'><strong>igitur</strong></span> <span class='ocrx_word' id='word_1_39' title='bbox 658 704 819 738; x_wconf 90' lang='lat' dir='ltr'><strong>comes</strong></span> <span class='ocrx_word' id='word_1_40' title='bbox 851 704 1071 754; x_wconf 67' lang='lat' dir='ltr'><strong>egressus</strong></span> <span class='ocrx_word' id='word_1_41' title='bbox 1103 695 1177 738; x_wconf 85' lang='lat' dir='ltr'><strong>est</strong></span> <span class='ocrx_word' id='word_1_42' title='bbox 1208 689 1255 738; x_wconf 91' lang='lat' dir='ltr'><strong>in</strong></span> <span class='ocrx_word' id='word_1_43' title='bbox 1287 705 1508 754; x_wconf 85' lang='lat' dir='ltr'><strong>campum</strong></span> 
     </span>
    </p>
   </div>
   <div class='ocr_carea' id='block_1_3' title="bbox 15 765 1509 909">
    <p class='ocr_par' dir='ltr' id='par_1_3' title="bbox 15 765 1509 909">
     <span class='ocr_line' id='line_1_7' title="bbox 99 765 1509 833; baseline -0.002 -16.169"><span class='ocrx_word' id='word_1_44' title='bbox 99 783 243 833; x_wconf 85' lang='lat' dir='ltr'><strong>super</strong></span> <span class='ocrx_word' id='word_1_45' title='bbox 260 765 565 825; x_wconf 89' lang='lat' dir='ltr'><strong>dextrarium,</strong></span> <span class='ocrx_word' id='word_1_46' title='bbox 582 772 835 831; x_wconf 89' lang='lat' dir='ltr'><strong>coopertus</strong></span> <span class='ocrx_word' id='word_1_47' title='bbox 858 766 956 815; x_wconf 90' lang='lat' dir='ltr'><strong>suis</strong></span> <span class='ocrx_word' id='word_1_48' title='bbox 978 765 1130 831; x_wconf 90' lang='lat' dir='ltr'><strong>plenis</strong></span> <span class='ocrx_word' id='word_1_49' title='bbox 1150 765 1296 815; x_wconf 88' lang='lat' dir='ltr'><strong>armis</strong></span> <span class='ocrx_word' id='word_1_50' title='bbox 1313 772 1362 815; x_wconf 88' lang='lat' dir='ltr'><strong>et</strong></span> <span class='ocrx_word' id='word_1_51' title='bbox 1380 766 1509 815; x_wconf 88' lang='lat' dir='ltr'><strong>simi-</strong></span> 
     </span>
     <span class='ocr_line' id='line_1_8' title="bbox 15 842 1504 909; baseline -0.002 -14"><span class='ocrx_word' id='word_1_52' title='bbox 15 844 29 856; x_wconf 67' lang='lat'><strong>‘&#39;</strong></span> <span class='ocrx_word' id='word_1_53' title='bbox 98 844 205 895; x_wconf 86' lang='lat' dir='ltr'><strong>liter</strong></span> <span class='ocrx_word' id='word_1_54' title='bbox 234 849 369 893; x_wconf 87' lang='lat' dir='ltr'><strong>erant</strong></span> <span class='ocrx_word' id='word_1_55' title='bbox 394 843 549 893; x_wconf 85' lang='lat' dir='ltr'><strong>cuncti</strong></span> <span class='ocrx_word' id='word_1_56' title='bbox 577 842 758 893; x_wconf 88' lang='lat' dir='ltr'><strong>nobiles</strong></span> <span class='ocrx_word' id='word_1_57' title='bbox 794 842 1010 902; x_wconf 66' lang='lat' dir='ltr'><strong>Fraude,</strong></span> <span class='ocrx_word' id='word_1_58' title='bbox 1043 843 1126 909; x_wconf 91' lang='lat' dir='ltr'><strong>qui</strong></span> <span class='ocrx_word' id='word_1_59' title='bbox 1160 859 1320 893; x_wconf 89' lang='lat' dir='ltr'><strong>secum</strong></span> <span class='ocrx_word' id='word_1_60' title='bbox 1354 848 1504 899; x_wconf 88' lang='lat' dir='ltr'><strong>erant,</strong></span> 
     </span>
    </p>
   </div>
   <div class='ocr_carea' id='block_1_4' title="bbox 16 919 1504 1130">
    <p class='ocr_par' dir='ltr' id='par_1_4' title="bbox 16 919 1504 1130">
     <span class='ocr_line' id='line_1_9' title="bbox 16 919 1252 988; baseline -0.002 -17"><span class='ocrx_word' id='word_1_61' title='bbox 16 919 33 981; x_wconf 60' lang='lat' dir='ltr'><strong>{Q</strong></span> <span class='ocrx_word' id='word_1_62' title='bbox 96 926 408 988; x_wconf 78' lang='lat' dir='ltr'><strong>properantes</strong></span> <span class='ocrx_word' id='word_1_63' title='bbox 432 920 494 970; x_wconf 90' lang='lat' dir='ltr'><strong>ad</strong></span> <span class='ocrx_word' id='word_1_64' title='bbox 518 936 728 987; x_wconf 83' lang='lat' dir='ltr'><strong>pugnam</strong></span> <span class='ocrx_word' id='word_1_65' title='bbox 751 925 916 970; x_wconf 90' lang='lat' dir='ltr'><strong>contra</strong></span> <span class='ocrx_word' id='word_1_66' title='bbox 940 920 1099 970; x_wconf 84' lang='lat' dir='ltr'><strong>hostes</strong></span> <span class='ocrx_word' id='word_1_67' title='bbox 1123 937 1252 971; x_wconf 85' lang='lat' dir='ltr'><strong>suos.</strong></span> 
     </span>
     <span class='ocr_line' id='line_1_10' title="bbox 21 992 1504 1063; baseline -0.002 -15"><span class='ocrx_word' id='word_1_68' title='bbox 21 992 30 1063; x_wconf 44' lang='grc' dir='ltr'>ζ</span> <span class='ocrx_word' id='word_1_69' title='bbox 162 997 336 1048; x_wconf 89' lang='lat' dir='ltr'><strong>Videns</strong></span> <span class='ocrx_word' id='word_1_70' title='bbox 364 1002 523 1047; x_wconf 84' lang='lat' dir='ltr'><strong>autem</strong></span> <span class='ocrx_word' id='word_1_71' title='bbox 553 1012 714 1046; x_wconf 88' lang='lat' dir='ltr'><strong>comes</strong></span> <span class='ocrx_word' id='word_1_72' title='bbox 743 996 1112 1063; x_wconf 77' lang='lat' dir='ltr'><strong>disposicionem</strong></span> <span class='ocrx_word' id='word_1_73' title='bbox 1139 996 1504 1063; x_wconf 68' lang='lat' dir='ltr'><strong>flamingorum,</strong></span> 
     </span>
     <span class='ocr_line' id='line_1_11' title="bbox 94 1073 1504 1130; baseline -0.003 -3.253"><span class='ocrx_word' id='word_1_74' title='bbox 94 1073 250 1124; x_wconf 71' lang='lat' dir='ltr'><strong>actius</strong></span> <span class='ocrx_word' id='word_1_75' title='bbox 270 1074 319 1123; x_wconf 91' lang='lat' dir='ltr'><strong>in</strong></span> <span class='ocrx_word' id='word_1_76' title='bbox 343 1074 414 1123; x_wconf 89' lang='lat' dir='ltr'><strong>ira</strong></span> <span class='ocrx_word' id='word_1_77' title='bbox 437 1074 630 1124; x_wconf 85' lang='lat' dir='ltr'><strong>exarsit.</strong></span> <span class='ocrx_word' id='word_1_78' title='bbox 651 1077 754 1124; x_wconf 83' lang='lat' dir='ltr'><strong>Jam</strong></span> <span class='ocrx_word' id='word_1_79' title='bbox 778 1074 906 1124; x_wconf 89' lang='lat' dir='ltr'><strong>enim</strong></span> <span class='ocrx_word' id='word_1_80' title='bbox 929 1090 1015 1124; x_wconf 85' lang='lat' dir='ltr'><strong>sex</strong></span> <span class='ocrx_word' id='word_1_81' title='bbox 1039 1074 1163 1124; x_wconf 86' lang='lat' dir='ltr'><strong>acies</strong></span> <span class='ocrx_word' id='word_1_82' title='bbox 1186 1073 1504 1130; x_wconf 78' lang='lat' dir='ltr'><strong>ordinaverat,</strong></span> 
     </span>
    </p>
   </div>
   <div class='ocr_carea' id='block_1_5' title="bbox 16 1148 1508 1218">
    <p class='ocr_par' dir='ltr' id='par_1_5' title="bbox 16 1148 1508 1218">
     <span class='ocr_line' id='line_1_12' title="bbox 16 1148 1508 1218; baseline -0.001 -17"><span class='ocrx_word' id='word_1_83' title='bbox 16 1148 27 1213; x_wconf 61' lang='lat' dir='ltr'>J</span> <span class='ocrx_word' id='word_1_84' title='bbox 94 1150 273 1216; x_wconf 85' lang='lat' dir='ltr'><strong>absque</strong></span> <span class='ocrx_word' id='word_1_85' title='bbox 296 1150 606 1218; x_wconf 86' lang='lat' dir='ltr'><strong>retrogardia,</strong></span> <span class='ocrx_word' id='word_1_86' title='bbox 635 1150 683 1201; x_wconf 91' lang='lat' dir='ltr'><strong>in</strong></span> <span class='ocrx_word' id='word_1_87' title='bbox 708 1168 803 1216; x_wconf 91' lang='lat' dir='ltr'><strong>qua</strong></span> <span class='ocrx_word' id='word_1_88' title='bbox 826 1155 961 1201; x_wconf 88' lang='lat' dir='ltr'><strong>erant</strong></span> <span class='ocrx_word' id='word_1_89' title='bbox 987 1151 1094 1216; x_wconf 90' lang='lat' dir='ltr'><strong>plus</strong></span> <span class='ocrx_word' id='word_1_90' title='bbox 1111 1167 1256 1216; x_wconf 86' lang='lat' dir='ltr'><strong>quam</strong></span> <span class='ocrx_word' id='word_1_91' title='bbox 1277 1150 1368 1201; x_wconf 87' lang='lat' dir='ltr'><strong>tria</strong></span> <span class='ocrx_word' id='word_1_92' title='bbox 1381 1149 1508 1201; x_wconf 88' lang='lat' dir='ltr'><strong>milia</strong></span> 
     </span>
    </p>
   </div>
   <div class='ocr_carea' id='block_1_6' title="bbox 11 1228 1509 1679">
    <p class='ocr_par' dir='ltr' id='par_1_6' title="bbox 14 1228 326 1294">
     <span class='ocr_line' id='line_1_13' title="bbox 14 1228 326 1294; baseline -0.003 -16"><span class='ocrx_word' id='word_1_93' title='bbox 14 1234 24 1279; x_wconf 74' lang='grc' dir='ltr'><strong>ς’,</strong></span> <span class='ocrx_word' id='word_1_94' title='bbox 94 1228 326 1294; x_wconf 86' lang='lat' dir='ltr'><strong>equitum.</strong></span> 
     </span>
    </p>

    <p class='ocr_par' dir='ltr' id='par_1_7' title="bbox 9 1297 1509 1679">
     <span class='ocr_line' id='line_1_14' title="bbox 158 1305 1509 1372; baseline -0.003 -13.395"><span class='ocrx_word' id='word_1_95' title='bbox 158 1308 310 1356; x_wconf 92' lang='lat' dir='ltr'><strong>Porro</strong></span> <span class='ocrx_word' id='word_1_96' title='bbox 333 1305 396 1354; x_wconf 90' lang='lat' dir='ltr'><strong>hii</strong></span> <span class='ocrx_word' id='word_1_97' title='bbox 423 1305 520 1355; x_wconf 92' lang='lat' dir='ltr'><strong>duo</strong></span> <span class='ocrx_word' id='word_1_98' title='bbox 543 1305 715 1356; x_wconf 77' lang='lat' dir='ltr'><strong>milites</strong></span> <span class='ocrx_word' id='word_1_99' title='bbox 739 1306 956 1372; x_wconf 78' lang='lat' dir='ltr'><strong>predicti,</strong></span> <span class='ocrx_word' id='word_1_100' title='bbox 983 1306 1044 1356; x_wconf 93' lang='lat' dir='ltr'><strong>de</strong></span> <span class='ocrx_word' id='word_1_101' title='bbox 1065 1308 1271 1356; x_wconf 90' lang='lat' dir='ltr'><strong>Ranessa</strong></span> <span class='ocrx_word' id='word_1_102' title='bbox 1292 1305 1509 1355; x_wconf 89' lang='lat' dir='ltr'><strong>videlicet</strong></span> 
     </span>
     <span class='ocr_line' id='line_1_15' title="bbox 11 1375 1508 1451; baseline -0.001 -18"><span class='ocrx_word' id='word_1_103' title='bbox 11 1375 25 1451; x_wconf 42' lang='grc' dir='ltr'><strong>4ᾗ</strong></span> <span class='ocrx_word' id='word_1_104' title='bbox 94 1382 220 1433; x_wconf 83' lang='lat' dir='ltr'><strong>etde</strong></span> <span class='ocrx_word' id='word_1_105' title='bbox 235 1385 494 1448; x_wconf 87' lang='lat' dir='ltr'><strong>Nansceyo,</strong></span> <span class='ocrx_word' id='word_1_106' title='bbox 514 1382 727 1433; x_wconf 79' lang='lat' dir='ltr'><strong>fecerunt</strong></span> <span class='ocrx_word' id='word_1_107' title='bbox 746 1383 1011 1449; x_wconf 81' lang='lat' dir='ltr'><strong>Flamingos</strong></span> <span class='ocrx_word' id='word_1_108' title='bbox 1028 1383 1266 1432; x_wconf 75' lang='lat' dir='ltr'><strong>divertere</strong></span> <span class='ocrx_word' id='word_1_109' title='bbox 1286 1382 1347 1432; x_wconf 92' lang='lat' dir='ltr'><strong>ad</strong></span> <span class='ocrx_word' id='word_1_110' title='bbox 1366 1397 1508 1431; x_wconf 89' lang='lat' dir='ltr'><strong>unam</strong></span> 
     </span>
     <span class='ocr_line' id='line_1_16' title="bbox 15 1459 1504 1526; baseline -0.001 -17"><span class='ocrx_word' id='word_1_111' title='bbox 15 1480 19 1518; x_wconf 58' lang='grc' dir='ltr'><strong>ς</strong></span> <span class='ocrx_word' id='word_1_112' title='bbox 94 1464 279 1526; x_wconf 90' lang='lat' dir='ltr'><strong>partem</strong></span> <span class='ocrx_word' id='word_1_113' title='bbox 303 1476 358 1508; x_wconf 92' lang='lat' dir='ltr'><strong>ac</strong></span> <span class='ocrx_word' id='word_1_114' title='bbox 382 1476 465 1509; x_wconf 89' lang='lat' dir='ltr'><strong>eos</strong></span> <span class='ocrx_word' id='word_1_115' title='bbox 494 1459 650 1509; x_wconf 87' lang='lat' dir='ltr'><strong>taliter</strong></span> <span class='ocrx_word' id='word_1_116' title='bbox 672 1460 946 1526; x_wconf 88' lang='lat' dir='ltr'><strong>conglobari</strong></span> <span class='ocrx_word' id='word_1_117' title='bbox 970 1466 1019 1509; x_wconf 88' lang='lat' dir='ltr'><strong>et</strong></span> <span class='ocrx_word' id='word_1_118' title='bbox 1041 1459 1101 1509; x_wconf 90' lang='lat' dir='ltr'><strong>ad</strong></span> <span class='ocrx_word' id='word_1_119' title='bbox 1127 1459 1328 1508; x_wconf 85' lang='lat' dir='ltr'><strong>invicem</strong></span> <span class='ocrx_word' id='word_1_120' title='bbox 1353 1459 1504 1525; x_wconf 84' lang='lat' dir='ltr'><strong>jungi,</strong></span> 
     </span>
     <span class='ocr_line' id='line_1_17' title="bbox 19 1535 1508 1606; baseline -0.001 -20"><span class='ocrx_word' id='word_1_121' title='bbox 19 1596 21 1606; x_wconf 28' lang='lat'><strong>⁴</strong></span> <span class='ocrx_word' id='word_1_122' title='bbox 94 1553 153 1586; x_wconf 86' lang='lat' dir='ltr'><strong>ne</strong></span> <span class='ocrx_word' id='word_1_123' title='bbox 185 1536 352 1601; x_wconf 87' lang='lat' dir='ltr'><strong>aliquis</strong></span> <span class='ocrx_word' id='word_1_124' title='bbox 382 1536 507 1586; x_wconf 89' lang='lat' dir='ltr'><strong>inter</strong></span> <span class='ocrx_word' id='word_1_125' title='bbox 533 1553 617 1586; x_wconf 89' lang='lat' dir='ltr'><strong>eos</strong></span> <span class='ocrx_word' id='word_1_126' title='bbox 647 1543 811 1602; x_wconf 87' lang='lat' dir='ltr'><strong>posset</strong></span> <span class='ocrx_word' id='word_1_127' title='bbox 843 1537 1046 1603; x_wconf 85' lang='lat' dir='ltr'><strong>ingredi,</strong></span> <span class='ocrx_word' id='word_1_128' title='bbox 1078 1535 1364 1602; x_wconf 85' lang='lat' dir='ltr'><strong>injungendo</strong></span> <span class='ocrx_word' id='word_1_129' title='bbox 1393 1536 1508 1600; x_wconf 89' lang='lat' dir='ltr'><strong>ipsis</strong></span> 
     </span>
     <span class='ocr_line' id='line_1_18' title="bbox 93 1612 1502 1679; baseline -0.003 -13.281"><span class='ocrx_word' id='word_1_130' title='bbox 93 1612 406 1671; x_wconf 87' lang='lat' dir='ltr'><strong>strictissime,</strong></span> <span class='ocrx_word' id='word_1_131' title='bbox 428 1613 557 1679; x_wconf 90' lang='lat' dir='ltr'><strong>quod</strong></span> <span class='ocrx_word' id='word_1_132' title='bbox 577 1613 704 1663; x_wconf 93' lang='lat' dir='ltr'><strong>nullo</strong></span> <span class='ocrx_word' id='word_1_133' title='bbox 722 1613 868 1663; x_wconf 90' lang='lat' dir='ltr'><strong>modo</strong></span> <span class='ocrx_word' id='word_1_134' title='bbox 892 1613 1190 1663; x_wconf 88' lang='lat' dir='ltr'><strong>intenderent</strong></span> <span class='ocrx_word' id='word_1_135' title='bbox 1208 1612 1269 1662; x_wconf 87' lang='lat' dir='ltr'><strong>ad</strong></span> <span class='ocrx_word' id='word_1_136' title='bbox 1288 1612 1502 1678; x_wconf 83' lang='lat' dir='ltr'><strong>predam,</strong></span> 
     </span>
    </p>
   </div>
   <div class='ocr_carea' id='block_1_7' title="bbox 93 1689 1093 1740">
    <p class='ocr_par' dir='ltr' id='par_1_8' title="bbox 0 1687 1093 1766">
     <span class='ocr_line' id='line_1_19' title="bbox 93 1689 1093 1740; baseline -0.005 2.575"><span class='ocrx_word' id='word_1_137' title='bbox 93 1690 178 1740; x_wconf 88' lang='lat' dir='ltr'><strong>sed</strong></span> <span class='ocrx_word' id='word_1_138' title='bbox 202 1689 531 1739; x_wconf 89' lang='lat' dir='ltr'><strong>tantummodo</strong></span> <span class='ocrx_word' id='word_1_139' title='bbox 555 1690 615 1739; x_wconf 89' lang='lat' dir='ltr'><strong>ad</strong></span> <span class='ocrx_word' id='word_1_140' title='bbox 641 1690 713 1740; x_wconf 92' lang='lat' dir='ltr'><strong>sui</strong></span> <span class='ocrx_word' id='word_1_141' title='bbox 738 1690 1093 1739; x_wconf 81' lang='lat' dir='ltr'><strong>deffensionem.</strong></span> 
     </span>
    </p>
   </div>
   <div class='ocr_carea' id='block_1_8' title="bbox 8 1766 1506 1910">
    <p class='ocr_par' dir='ltr' id='par_1_9' title="bbox 8 1766 1506 1910">
     <span class='ocr_line' id='line_1_20' title="bbox 13 1766 1504 1833; baseline -0.001 -16"><span class='ocrx_word' id='word_1_142' title='bbox 13 1803 21 1817; x_wconf 53' lang='lat' dir='ltr'>f</span> <span class='ocrx_word' id='word_1_143' title='bbox 157 1770 334 1818; x_wconf 89' lang='lat' dir='ltr'><strong>Verum</strong></span> <span class='ocrx_word' id='word_1_144' title='bbox 375 1767 599 1816; x_wconf 78' lang='lat' dir='ltr'><strong>balistarii</strong></span> <span class='ocrx_word' id='word_1_145' title='bbox 640 1770 928 1817; x_wconf 85' lang='lat' dir='ltr'><strong>Francorum</strong></span> <span class='ocrx_word' id='word_1_146' title='bbox 970 1766 1032 1815; x_wconf 91' lang='lat' dir='ltr'><strong>de</strong></span> <span class='ocrx_word' id='word_1_147' title='bbox 1073 1766 1226 1832; x_wconf 87' lang='lat' dir='ltr'><strong>prima</strong></span> <span class='ocrx_word' id='word_1_148' title='bbox 1269 1767 1370 1816; x_wconf 89' lang='lat' dir='ltr'><strong>acie</strong></span> <span class='ocrx_word' id='word_1_149' title='bbox 1408 1767 1504 1833; x_wconf 84' lang='lat' dir='ltr'><strong>jam</strong></span> 
     </span>
     <span class='ocr_line' id='line_1_21' title="bbox 8 1844 1506 1910; baseline -0.001 -15"><span class='ocrx_word' id='word_1_150' title='bbox 8 1846 21 1892; x_wconf 56' lang='grc' dir='ltr'>ἰ</span> <span class='ocrx_word' id='word_1_151' title='bbox 91 1844 292 1895; x_wconf 90' lang='lat' dir='ltr'><strong>multum</strong></span> <span class='ocrx_word' id='word_1_152' title='bbox 317 1844 655 1910; x_wconf 84' lang='lat' dir='ltr'><strong>sagittaverant</strong></span> <span class='ocrx_word' id='word_1_153' title='bbox 678 1850 843 1893; x_wconf 88' lang='lat' dir='ltr'><strong>contra</strong></span> <span class='ocrx_word' id='word_1_154' title='bbox 866 1844 1150 1910; x_wconf 85' lang='lat' dir='ltr'><strong>Flamingos,</strong></span> <span class='ocrx_word' id='word_1_155' title='bbox 1178 1850 1431 1909; x_wconf 86' lang='lat' dir='ltr'><strong>antequam</strong></span> <span class='ocrx_word' id='word_1_156' title='bbox 1455 1861 1506 1894; x_wconf 90' lang='lat' dir='ltr'><strong>se</strong></span> 
     </span>
    </p>
   </div>
   <div class='ocr_carea' id='block_1_9' title="bbox 7 1920 1507 2065">
    <p class='ocr_par' dir='ltr' id='par_1_10' title="bbox 7 1920 1507 2065">
     <span class='ocr_line' id='line_1_22' title="bbox 7 1920 1507 1987; baseline 0 -17"><span class='ocrx_word' id='word_1_157' title='bbox 7 1928 19 1970; x_wconf 75' lang='grc' dir='ltr'><strong>,-ῖ</strong></span> <span class='ocrx_word' id='word_1_158' title='bbox 91 1921 331 1973; x_wconf 85' lang='lat' dir='ltr'><strong>traherent</strong></span> <span class='ocrx_word' id='word_1_159' title='bbox 354 1920 415 1971; x_wconf 89' lang='lat' dir='ltr'><strong>ad</strong></span> <span class='ocrx_word' id='word_1_160' title='bbox 440 1937 582 1971; x_wconf 85' lang='lat' dir='ltr'><strong>unam</strong></span> <span class='ocrx_word' id='word_1_161' title='bbox 606 1927 810 1987; x_wconf 77' lang='lat' dir='ltr'><strong>partem.</strong></span> <span class='ocrx_word' id='word_1_162' title='bbox 838 1924 967 1971; x_wconf 89' lang='lat' dir='ltr'><strong>Tunc</strong></span> <span class='ocrx_word' id='word_1_163' title='bbox 997 1921 1231 1971; x_wconf 80' lang='lat' dir='ltr'><strong>affuerunt</strong></span> <span class='ocrx_word' id='word_1_164' title='bbox 1263 1927 1507 1987; x_wconf 84' lang='lat' dir='ltr'><strong>magnates</strong></span> 
     </span>
     <span class='ocr_line' id='line_1_23' title="bbox 91 1998 1507 2065; baseline -0.001 -17.052"><span class='ocrx_word' id='word_1_165' title='bbox 91 1998 290 2065; x_wconf 76' lang='lat' dir='ltr'><strong>egregii,</strong></span> <span class='ocrx_word' id='word_1_166' title='bbox 327 1999 410 2064; x_wconf 91' lang='lat' dir='ltr'><strong>qui</strong></span> <span class='ocrx_word' id='word_1_167' title='bbox 443 2005 578 2048; x_wconf 89' lang='lat' dir='ltr'><strong>erant</strong></span> <span class='ocrx_word' id='word_1_168' title='bbox 610 1998 671 2048; x_wconf 91' lang='lat' dir='ltr'><strong>ad</strong></span> <span class='ocrx_word' id='word_1_169' title='bbox 704 2015 913 2065; x_wconf 86' lang='lat' dir='ltr'><strong>pugnam</strong></span> <span class='ocrx_word' id='word_1_170' title='bbox 950 1998 1308 2056; x_wconf 85' lang='lat' dir='ltr'><strong>ferventissimi,</strong></span> <span class='ocrx_word' id='word_1_171' title='bbox 1346 1998 1507 2048; x_wconf 82' lang='lat' dir='ltr'><strong>existi-</strong></span> 
     </span>
    </p>
   </div>
   <div class='ocr_carea' id='block_1_10' title="bbox 7 2076 1506 2144">
    <p class='ocr_par' dir='ltr' id='par_1_11' title="bbox 7 2056 1506 2144">
     <span class='ocr_line' id='line_1_24' title="bbox 7 2076 1506 2144; baseline 0.001 -20"><span class='ocrx_word' id='word_1_172' title='bbox 7 2082 25 2139; x_wconf 68' lang='grc' dir='ltr'>ξ</span> <span class='ocrx_word' id='word_1_173' title='bbox 91 2081 273 2127; x_wconf 87' lang='lat' dir='ltr'><strong>mantes</strong></span> <span class='ocrx_word' id='word_1_174' title='bbox 318 2076 447 2142; x_wconf 92' lang='lat' dir='ltr'><strong>quod</strong></span> <span class='ocrx_word' id='word_1_175' title='bbox 495 2077 721 2142; x_wconf 84' lang='lat' dir='ltr'><strong>Flamingi</strong></span> <span class='ocrx_word' id='word_1_176' title='bbox 770 2076 988 2144; x_wconf 80' lang='lat' dir='ltr'><strong>fugerent</strong></span> <span class='ocrx_word' id='word_1_177' title='bbox 1002 2114 1014 2134; x_wconf 93' lang='lat'><strong>,</strong></span> <span class='ocrx_word' id='word_1_178' title='bbox 1061 2076 1272 2126; x_wconf 87' lang='lat' dir='ltr'><strong>dicentes</strong></span> <span class='ocrx_word' id='word_1_179' title='bbox 1321 2076 1506 2141; x_wconf 83' lang='lat' dir='ltr'><strong>prefato</strong></span> 
     </span>
    </p>
   </div>
   <div class='ocr_carea' id='block_1_11' title="bbox 9 2150 1504 2364">
    <p class='ocr_par' dir='ltr' id='par_1_12' title="bbox 9 2150 1504 2364">
     <span class='ocr_line' id='line_1_25' title="bbox 9 2150 1503 2210; baseline -0.001 -7"><span class='ocrx_word' id='word_1_180' title='bbox 9 2164 18 2203; x_wconf 71' lang='lat'><strong>².</strong></span> <span class='ocrx_word' id='word_1_181' title='bbox 91 2150 249 2201; x_wconf 88' lang='lat' dir='ltr'><strong>comiti</strong></span> <span class='ocrx_word' id='word_1_182' title='bbox 272 2151 476 2201; x_wconf 85' lang='lat' dir='ltr'><strong>Arthesii</strong></span> <span class='ocrx_word' id='word_1_183' title='bbox 506 2170 516 2200; x_wconf 92' lang='lat'>:</span> <span class='ocrx_word' id='word_1_184' title='bbox 548 2171 569 2198; x_wconf 87' lang='lat'>‹</span> <span class='ocrx_word' id='word_1_185' title='bbox 598 2151 782 2201; x_wconf 89' lang='lat' dir='ltr'><strong>Pedites</strong></span> <span class='ocrx_word' id='word_1_186' title='bbox 807 2151 956 2201; x_wconf 89' lang='lat' dir='ltr'><strong>nostri</strong></span> <span class='ocrx_word' id='word_1_187' title='bbox 980 2151 1251 2202; x_wconf 90' lang='lat' dir='ltr'><strong>transibunt</strong></span> <span class='ocrx_word' id='word_1_188' title='bbox 1275 2151 1416 2210; x_wconf 87' lang='lat' dir='ltr'><strong>ultra,</strong></span> <span class='ocrx_word' id='word_1_189' title='bbox 1443 2152 1503 2201; x_wconf 89' lang='lat' dir='ltr'><strong>ad</strong></span> 
     </span>
     <span class='ocr_line' id='line_1_26' title="bbox 94 2227 1504 2294; baseline 0.003 -18.773"><span class='ocrx_word' id='word_1_190' title='bbox 94 2246 117 2275; x_wconf 79' lang='grc' dir='ltr'>ι</span> <span class='ocrx_word' id='word_1_191' title='bbox 145 2227 478 2294; x_wconf 88' lang='lat' dir='ltr'><strong>acquirendam</strong></span> <span class='ocrx_word' id='word_1_192' title='bbox 505 2228 771 2287; x_wconf 85' lang='lat' dir='ltr'><strong>victoriam,</strong></span> <span class='ocrx_word' id='word_1_193' title='bbox 798 2235 844 2278; x_wconf 88' lang='lat' dir='ltr'><strong>et</strong></span> <span class='ocrx_word' id='word_1_194' title='bbox 869 2245 957 2279; x_wconf 90' lang='lat' dir='ltr'><strong>nos</strong></span> <span class='ocrx_word' id='word_1_195' title='bbox 985 2229 1165 2278; x_wconf 92' lang='lat' dir='ltr'><strong>nullum</strong></span> <span class='ocrx_word' id='word_1_196' title='bbox 1195 2229 1428 2278; x_wconf 88' lang='lat' dir='ltr'><strong>honorem</strong></span> <span class='ocrx_word' id='word_1_197' title='bbox 1456 2229 1504 2279; x_wconf 92' lang='lat' dir='ltr'><strong>in</strong></span> 
     </span>
     <span class='ocr_line' id='line_1_27' title="bbox 10 2302 1504 2364; baseline 0.002 -12"><span class='ocrx_word' id='word_1_198' title='bbox 10 2302 22 2361; x_wconf 48' lang='grc' dir='ltr'><strong>Γ</strong></span> <span class='ocrx_word' id='word_1_199' title='bbox 95 2323 117 2351; x_wconf 77' lang='grc' dir='ltr'>ι</span> <span class='ocrx_word' id='word_1_200' title='bbox 145 2304 235 2353; x_wconf 89' lang='lat' dir='ltr'><strong>hoc</strong></span> <span class='ocrx_word' id='word_1_201' title='bbox 249 2304 544 2355; x_wconf 56' lang='lat' dir='ltr'><strong>habebimus</strong></span> <span class='ocrx_word' id='word_1_202' title='bbox 567 2306 741 2355; x_wconf 82' lang='lat' dir='ltr'><strong>Amore</strong></span> <span class='ocrx_word' id='word_1_203' title='bbox 757 2306 857 2364; x_wconf 89' lang='lat' dir='ltr'><strong>Dei,</strong></span> <span class='ocrx_word' id='word_1_204' title='bbox 876 2305 1121 2355; x_wconf 85' lang='lat' dir='ltr'><strong>vexilliferi</strong></span> <span class='ocrx_word' id='word_1_205' title='bbox 1138 2311 1380 2354; x_wconf 86' lang='lat' dir='ltr'><strong>transeant</strong></span> <span class='ocrx_word' id='word_1_206' title='bbox 1395 2311 1504 2355; x_wconf 88' lang='lat' dir='ltr'><strong>ante</strong></span> 
     </span>
    </p>
   </div>
   <div class='ocr_carea' id='block_1_12' title="bbox 12 2370 1499 2444">
    <p class='ocr_par' dir='ltr' id='par_1_13' title="bbox 12 2370 1499 2444">
     <span class='ocr_line' id='line_1_28' title="bbox 12 2370 1499 2444; baseline 0.003 -16"><span class='ocrx_word' id='word_1_207' title='bbox 12 2370 19 2444; x_wconf 31' lang='lat' dir='ltr'>j</span> <span class='ocrx_word' id='word_1_208' title='bbox 83 2377 115 2427; x_wconf 83' lang='lat'><strong>&#39;‹</strong></span> <span class='ocrx_word' id='word_1_209' title='bbox 146 2385 193 2430; x_wconf 90' lang='lat' dir='ltr'><strong>et</strong></span> <span class='ocrx_word' id='word_1_210' title='bbox 222 2380 456 2432; x_wconf 85' lang='lat' dir='ltr'><strong>irruamus</strong></span> <span class='ocrx_word' id='word_1_211' title='bbox 487 2381 535 2432; x_wconf 91' lang='lat' dir='ltr'><strong>in</strong></span> <span class='ocrx_word' id='word_1_212' title='bbox 568 2382 708 2432; x_wconf 85' lang='lat' dir='ltr'><strong>eos¹!</strong></span> <span class='ocrx_word' id='word_1_213' title='bbox 751 2402 771 2428; x_wconf 70' lang='grc' dir='ltr'><strong>ι</strong></span> <span class='ocrx_word' id='word_1_214' title='bbox 807 2382 985 2443; x_wconf 88' lang='lat' dir='ltr'><strong>Quibus</strong></span> <span class='ocrx_word' id='word_1_215' title='bbox 1019 2382 1287 2432; x_wconf 88' lang='lat' dir='ltr'><strong>assenciens</strong></span> <span class='ocrx_word' id='word_1_216' title='bbox 1321 2398 1499 2439; x_wconf 87' lang='lat' dir='ltr'><strong>comes,</strong></span> 
     </span>
    </p>
   </div>
   <div class='ocr_carea' id='block_1_13' title="bbox 90 2539 1502 2589">
    <p class='ocr_par' dir='ltr' id='par_1_14' title="bbox 7 2514 1502 2589">
     <span class='ocr_line' id='line_1_29' title="bbox 90 2539 1502 2589; baseline 0.003 -11.778"><span class='ocrx_word' id='word_1_217' title='bbox 90 2539 223 2577; x_wconf 66' lang='lat' dir='ltr'><strong>mande</strong></span> <span class='ocrx_word' id='word_1_218' title='bbox 243 2540 293 2589; x_wconf 85' lang='lat' dir='ltr'><strong>(p.</strong></span> <span class='ocrx_word' id='word_1_219' title='bbox 316 2539 394 2588; x_wconf 76' lang='lat'><strong>18);</strong></span> <span class='ocrx_word' id='word_1_220' title='bbox 415 2551 467 2580; x_wconf 88' lang='lat' dir='ltr'><strong>en</strong></span> <span class='ocrx_word' id='word_1_221' title='bbox 486 2542 682 2581; x_wconf 84' lang='lat' dir='ltr'><strong>revanche</strong></span> <span class='ocrx_word' id='word_1_222' title='bbox 703 2542 777 2580; x_wconf 84' lang='lat' dir='ltr'><strong>elle</strong></span> <span class='ocrx_word' id='word_1_223' title='bbox 798 2542 836 2580; x_wconf 86' lang='lat' dir='ltr'><strong>la</strong></span> <span class='ocrx_word' id='word_1_224' title='bbox 856 2542 931 2580; x_wconf 85' lang='lat' dir='ltr'><strong>cite</strong></span> <span class='ocrx_word' id='word_1_225' title='bbox 951 2547 1200 2581; x_wconf 80' lang='lat' dir='ltr'><strong>exactement</strong></span> <span class='ocrx_word' id='word_1_226' title='bbox 1219 2553 1371 2581; x_wconf 89' lang='lat' dir='ltr'><strong>comme</strong></span> <span class='ocrx_word' id='word_1_227' title='bbox 1391 2548 1502 2582; x_wconf 83' lang='lat' dir='ltr'><strong>notre</strong></span> 
     </span>
    </p>
   </div>
   <div class='ocr_carea' id='block_1_14' title="bbox 3 2598 321 2668">
    <p class='ocr_par' dir='ltr' id='par_1_15' title="bbox 3 2598 321 2668">
     <span class='ocr_line' id='line_1_30' title="bbox 3 2598 321 2668; baseline 0.006 -32"><span class='ocrx_word' id='word_1_228' title='bbox 3 2598 28 2668; x_wconf 57' lang='grc' dir='ltr'><strong>Ξ.</strong></span> <span class='ocrx_word' id='word_1_229' title='bbox 91 2598 321 2648; x_wconf 85' lang='lat' dir='ltr'><strong>chronique.</strong></span> 
     </span>
    </p>
   </div>
   <div class='ocr_carea' id='block_1_15' title="bbox 14 2658 1503 2830">
    <p class='ocr_par' dir='ltr' id='par_1_16' title="bbox 14 2658 1503 2830">
     <span class='ocr_line' id='line_1_31' title="bbox 14 2658 1503 2710; baseline 0.003 -16"><span class='ocrx_word' id='word_1_230' title='bbox 14 2674 23 2710; x_wconf 56' lang='lat' dir='ltr'><strong>rs</strong></span> <span class='ocrx_word' id='word_1_231' title='bbox 139 2658 174 2695; x_wconf 82' lang='lat'><strong>1.</strong></span> <span class='ocrx_word' id='word_1_232' title='bbox 196 2658 248 2695; x_wconf 87' lang='lat' dir='ltr'><strong>Le</strong></span> <span class='ocrx_word' id='word_1_233' title='bbox 268 2658 407 2697; x_wconf 82' lang='lat' dir='ltr'><strong>maitre</strong></span> <span class='ocrx_word' id='word_1_234' title='bbox 426 2659 494 2699; x_wconf 89' lang='lat' dir='ltr'><strong>des</strong></span> <span class='ocrx_word' id='word_1_235' title='bbox 513 2660 761 2699; x_wconf 71' lang='lat' dir='ltr'><strong>arbaletriers</strong></span> <span class='ocrx_word' id='word_1_236' title='bbox 788 2661 988 2710; x_wconf 83' lang='lat' dir='ltr'><strong>s’appelait</strong></span> <span class='ocrx_word' id='word_1_237' title='bbox 1011 2661 1114 2699; x_wconf 80' lang='lat' dir='ltr'><strong>Jean</strong></span> <span class='ocrx_word' id='word_1_238' title='bbox 1139 2660 1187 2698; x_wconf 92' lang='lat' dir='ltr'><strong>de</strong></span> <span class='ocrx_word' id='word_1_239' title='bbox 1212 2660 1355 2698; x_wconf 82' lang='lat' dir='ltr'><strong>Burlas</strong></span> <span class='ocrx_word' id='word_1_240' title='bbox 1379 2672 1431 2700; x_wconf 92' lang='lat' dir='ltr'><strong>ou</strong></span> <span class='ocrx_word' id='word_1_241' title='bbox 1455 2662 1503 2700; x_wconf 84' lang='lat' dir='ltr'><strong>de</strong></span> 
     </span>
     <span class='ocr_line' id='line_1_32' title="bbox 15 2715 1501 2770; baseline 0.004 -17"><span class='ocrx_word' id='word_1_242' title='bbox 15 2739 25 2747; x_wconf 23' lang='lat'><strong>⁷-</strong></span> <span class='ocrx_word' id='word_1_243' title='bbox 91 2715 246 2755; x_wconf 86' lang='lat' dir='ltr'><strong>Brulas.</strong></span> <span class='ocrx_word' id='word_1_244' title='bbox 263 2717 377 2764; x_wconf 86' lang='lat' dir='ltr'><strong>(Bihl.</strong></span> <span class='ocrx_word' id='word_1_245' title='bbox 392 2723 491 2767; x_wconf 64' lang='lat' dir='ltr'><strong>nat„</strong></span> <span class='ocrx_word' id='word_1_246' title='bbox 506 2719 573 2758; x_wconf 79' lang='lat' dir='ltr'><strong>lat.</strong></span> <span class='ocrx_word' id='word_1_247' title='bbox 590 2719 699 2767; x_wconf 77' lang='lat'><strong>9783,</strong></span> <span class='ocrx_word' id='word_1_248' title='bbox 720 2720 784 2758; x_wconf 79' lang='lat' dir='ltr'><strong>rol.</strong></span> <span class='ocrx_word' id='word_1_249' title='bbox 807 2720 851 2758; x_wconf 70' lang='lat'><strong>8⁴</strong></span> <span class='ocrx_word' id='word_1_250' title='bbox 874 2722 937 2765; x_wconf 65' lang='lat' dir='ltr'><strong>ro.)</strong></span> <span class='ocrx_word' id='word_1_251' title='bbox 957 2720 1118 2758; x_wconf 83' lang='lat' dir='ltr'><strong>Partout</strong></span> <span class='ocrx_word' id='word_1_252' title='bbox 1136 2731 1189 2758; x_wconf 92' lang='lat' dir='ltr'><strong>on</strong></span> <span class='ocrx_word' id='word_1_253' title='bbox 1209 2730 1412 2770; x_wconf 72' lang='lat' dir='ltr'><strong>romamque</strong></span> <span class='ocrx_word' id='word_1_254' title='bbox 1425 2732 1501 2770; x_wconf 85' lang='lat' dir='ltr'><strong>que</strong></span> 
     </span>
     <span class='ocr_line' id='line_1_33' title="bbox 94 2777 1498 2830; baseline 0.003 -16"><span class='ocrx_word' id='word_1_255' title='bbox 94 2781 195 2815; x_wconf 84' lang='lat' dir='ltr'><strong>cette</strong></span> <span class='ocrx_word' id='word_1_256' title='bbox 213 2777 446 2817; x_wconf 83' lang='lat' dir='ltr'><strong>infatuation</strong></span> <span class='ocrx_word' id='word_1_257' title='bbox 465 2778 590 2828; x_wconf 84' lang='lat' dir='ltr'><strong>perdit</strong></span> <span class='ocrx_word' id='word_1_258' title='bbox 609 2779 647 2816; x_wconf 85' lang='lat' dir='ltr'><strong>la</strong></span> <span class='ocrx_word' id='word_1_259' title='bbox 667 2779 887 2818; x_wconf 84' lang='lat' dir='ltr'><strong>chevalerie</strong></span> <span class='ocrx_word' id='word_1_260' title='bbox 913 2779 1120 2830; x_wconf 74' lang='lat' dir='ltr'><strong>francaise.</strong></span> <span class='ocrx_word' id='word_1_261' title='bbox 1142 2780 1198 2818; x_wconf 82' lang='lat' dir='ltr'><strong>Le</strong></span> <span class='ocrx_word' id='word_1_262' title='bbox 1223 2780 1498 2819; x_wconf 76' lang='lat' dir='ltr'><strong>continuateur</strong></span> 
     </span>
    </p>
   </div>
  </div>
 </body>
</html>
