1838 3164
123 256 228 303 1314]
398 259 772 293 GHRONOGRAPEIA
795 259 950 292 REGUI
974 257 1253 292 runconmt.
1455 254 1526 292 215

121 340 386 406 Flamingos
410 356 530 406 quos
554 339 812 406 querebant
836 339 884 388 in
910 338 1115 404 quadam
1138 339 1257 388 valle
1276 355 1371 404 que
1388 354 1528 388 voca-

121 423 199 467 tur
228 436 238 466 :
267 417 504 476 Helfaut13
536 417 812 483 statimque,
845 422 901 465 ut
928 432 1032 465 sese
1064 416 1124 465 ad
1157 416 1360 466 invicem
1390 433 1528 467 cons-

120 498 374 559 pexerunt,
414 498 678 544 statuerunt
711 491 898 559 agmina
933 509 1018 542 sua
1052 493 1099 541 in
1135 498 1333 558 utraque
1369 500 1523 559 parte,

118 571 476 636 comminusque
490 570 782 628 accedentes,
800 569 1030 619 acerrime
1044 577 1389 635 pugnaverunt.
1404 574 1527 621 Dum

118 664 234 697 vcro
266 651 583 698 Teruanenaes
614 651 778 696 contra
811 645 1159 696 multitudinem
1194 652 1395 706 tantam,
1430 653 1527 697 tam

117 725 304 783 fortem,
338 740 428 790 pro
458 739 599 790 posse
631 728 822 773 strenue
854 722 1146 781 dimicarent,
1187 731 1528 788 superi-uerunt

117 803 164 851 in
195 818 362 852 eorum
389 816 663 851 succursum
687 800 787 866 iiij⁰¹
810 800 936 850 milia
965 800 1207 850 hominum
1236 805 1527 850 armatorum

117 880 177 928 de
201 878 307 927 villa
333 878 489 928 Sancti
517 877 788 936 Andomari‚
817 893 938 943 quos
966 876 1261 927 adducebant
1289 876 1438 926 David
1466 876 1526 925 de

117 958 282 1006 Sancta
315 954 592 1021 Aldegunde
627 960 677 1004 et
711 954 930 1004 dominus
964 953 1108 1004 Baldo
1147 953 1207 1004 de
1249 954 1407 1011 Arria,
1445 954 1526 1018 qui

115 1030 342 1082 acerrime
365 1030 525 1080 hostes
549 1030 774 1081 invadere
798 1036 1044 1097 ceperunt.

179 1118 338 1179 Itaque
362 1113 512 1179 prelio
536 1114 870 1172 revirescente,
892 1114 1118 1180 Flamingi
1142 1113 1352 1163 breviter
1374 1119 1529 1163 retro-

114 1192 283 1243 cedere
313 1197 422 1242 sunt
451 1191 623 1249 coacti,
656 1192 811 1242 taliter
839 1191 969 1257 quod
999 1190 1199 1257 predam
1227 1206 1362 1241 suam
1391 1191 1529 1240 amit-

115 1275 284 1327 tentes,
309 1284 417 1318 cum
438 1267 646 1317 maximo
671 1284 831 1318 rerum
854 1274 903 1317 et
925 1283 1236 1334 personarum
1257 1266 1527 1317 discrimine

114 1351 384 1397 remearunt
414 1345 536 1395 ultra
565 1345 740 1395 flumen
770 1345 914 1403 Lisie,
950 1345 1028 1395 ubi
1060 1350 1230 1410 pontes
1264 1344 1523 1411 fregerunt,

114 1423 392 1489 quantocius
413 1422 461 1472 in
485 1422 749 1473 Flandriam
774 1428 883 1472 sunt
905 1421 1103 1470 reversi.
1134 1421 1265 1471 Unde
1294 1420 1527 1471 Robertus

114 1500 201 1551 fuit
237 1499 509 1549 confusione
549 1505 597 1548 et
634 1498 916 1548 verecundia
955 1514 1166 1563 pressus.
1207 1502 1527 1548 Teruanenses

114 1594 230 1627 vero
251 1577 612 1642 triumphantes,
635 1592 744 1626 cum
768 1575 915 1641 preda
937 1591 1080 1640 quam
1103 1574 1318 1624 hostibus
1341 1574 1528 1640 eripue-

114 1661 219 1705 rant
251 1660 300 1703 et
328 1653 462 1719 copia
496 1669 589 1702 non
621 1669 767 1718 parva
802 1652 1120 1718 captivorum,
1154 1652 1214 1701 ad
1246 1655 1523 1708 Teruanam‚

114 1730 282 1782 urbem
311 1745 468 1788 suam,
502 1727 764 1795 gaudenter
792 1734 1063 1778 remearunt
1092 1733 1141 1777 et
1173 1727 1236 1777 illi
1268 1727 1328 1778 de
1358 1730 1526 1778 Sancto

114 1806 384 1858 Audomaro
426 1805 487 1855 ad
527 1807 748 1855 Sanctum
788 1804 1131 1861 Andomarum‚
1176 1805 1332 1854 villam
1372 1821 1522 1862 suam,

115 1883 328 1934 similiter
350 1898 459 1933 cum
483 1882 654 1949 gaudio
679 1888 996 1932 reverterunt.

179 1970 279 2017 Rex
303 1981 420 2033 ergo
443 1965 654 2023 Fraude,
679 1964 836 2014 habita
859 1963 1127 2031 hujusmodi
1153 1964 1390 2015 sentencia
1414 1981 1527 2014 con-

115 2050 187 2093 tra
228 2043 448 2093 comitem
491 2042 729 2100 Flandrie,
773 2042 989 2107 protinus
1030 2042 1173 2091 citare
1211 2042 1318 2091 fecit
1361 2058 1527 2091 omnes

115 2121 318 2171 barones
343 2120 475 2187 regni
507 2120 596 2178 sui,
626 2126 677 2169 ut
703 2119 917 2168 venirent
940 2119 1143 2169 Parisius
1166 2135 1275 2168 cum
1305 2119 1450 2168 armis
1479 2126 1527 2168 et

114 2198 296 2267 equis¹.
318 2197 495 2257 Quibus
512 2196 743 2255 adunatis,
767 2213 853 2245 rex
877 2196 1112 2246 ordinavit
1132 2202 1231 2245 tres
1249 2196 1485 2246 exercitus
1511 2215 1520 2243 :

114 2274 255 2341 primi
268 2273 503 2324 exercitus
514 2280 648 2323 erant
660 2273 889 2339 capitanei
902 2272 1183 2330 Ludovicus‚
1201 2289 1286 2322 rex
1298 2275 1521 2329 Navarre,

114 2350 456 2417 primogenitus
472 2351 615 2417 regis,
638 2350 719 2417 qui
739 2368 765 2399 a
785 2350 973 2399 Francis
989 2349 1247 2414 vulgariter
1269 2348 1526 2399 vocabatur

119 2447 140 2474 ‹
169 2427 352 2485 Hustin,
386 2447 407 2473 ι
435 2443 493 2476 eo
522 2427 650 2493 quod
683 2443 873 2493 semper
903 2426 1199 2476 desiderabat
1229 2431 1329 2476 toto
1359 2426 1526 2476 affectu

167 2597 199 2632 1.
222 2595 396 2645 Helfaut,
418 2595 730 2645 Pado-Calais,
751 2596 1083 2635 arrondissoment
1103 2601 1141 2634 et
1162 2602 1305 2634 canton
1325 2595 1371 2633 da
1393 2595 1527 2633 Saint-

119 2654 279 2752 Ol‘xlliuiia
300 2725 439 2763 guerre
461 2725 688 2764 commenca
710 2726 758 2752 au
778 2714 879 2753 mois
897 2714 944 2751 de
961 2714 1045 2762 juin
1066 2714 1169 2752 ¹314.
