1838 3164
143 270 248 317 1310]
419 271 790 306 wannoc-mma
814 270 968 304 mmm!
991 269 1271 304 mconuu.
1476 267 1543 304 185

147 372 168 398 ι
197 351 387 401 nuntios
402 350 670 408 destinavit,
692 348 810 399 dans
825 348 893 397 eis
909 365 996 413 per
1010 365 1119 398 suas
1138 355 1353 414 patentes
1370 350 1547 399 litteras

145 448 166 474 c
196 428 387 494 plenum
409 433 456 476 et
477 426 677 492 speciale
698 423 970 474 mandatum
991 425 1258 490 exponendi
1282 426 1436 475 eidem
1457 442 1547 492 pro

142 525 163 551 ‹
195 521 253 555 eo
276 504 577 554 devotionem
593 501 741 568 ipsius
763 505 811 550 et
830 501 1142 550 reverentiam
1164 502 1370 562 filialem,
1401 520 1542 569 quam

143 602 165 628 ‹
196 582 256 632 ad
281 582 437 648 ipsum
457 586 506 631 et
529 593 771 629 romanam
794 577 1050 626 Ecclesiam
1075 578 1260 627 sincero
1284 579 1470 630 dicebat
1495 596 1546 629 se

143 680 163 705 ‹
193 674 359 725 gerere
373 658 560 714 affectu,
582 670 764 705 necnon
783 653 974 719 petendi
992 659 1040 702 et
1061 654 1343 719 impetrandi
1364 657 1545 723 abipso

141 757 162 783 ‹
193 737 400 786 favorem
417 740 467 784 et
489 732 689 800 gratiam
707 735 976 787 consuetos,
994 730 1223 780 offerendi
1245 749 1436 798 quoque
1452 735 1540 783 sibi

143 832 164 859 ι
195 819 242 862 et
266 809 508 878 prestandi
532 825 621 875 pro
644 825 703 858 eo
727 813 776 856 et
799 808 848 856 in
871 807 1020 873 ipsius
1042 808 1247 857 animam
1271 807 1430 859 debite
1457 810 1545 860 sibi

141 911 162 936 ι
189 895 238 940 et
274 889 428 939 eidem
467 887 670 938 Ecclesie
709 885 947 936 fidelitatis
982 891 1031 935 et
1067 885 1316 952 cujuslibet
1355 887 1545 937 alterius

139 987 161 1014 ‹
193 966 709 1035 generisjuramentum
725 982 781 1014 ac
798 964 1142 1015 nichillominus
1157 965 1350 1031 petendi
1364 966 1546 1033 abipso

141 1065 162 1091 ι
190 1061 278 1111 per
303 1060 416 1094 suasv
436 1043 525 1093 sibi
552 1059 718 1092 manus
747 1042 958 1108 impendi
983 1042 1270 1100 unctionem,
1302 1060 1547 1094 consecra-

140 1142 161 1168 «
192 1122 371 1171 tionem
393 1126 443 1171 et
467 1120 651 1170 romani
669 1119 856 1185 imperii
878 1119 1143 1170 diadema¹.
1169 1120 1366 1170 Prefatis
1390 1120 1547 1187 itaque

140 1219 162 1245 ε
193 1198 374 1248 nunciis
401 1197 448 1247 in
477 1214 561 1247 sua
589 1202 636 1247 et
661 1213 856 1247 suorum
881 1196 1080 1247 fratrum
1108 1197 1345 1263 presentia
1373 1199 1547 1248 consti-

141 1295 160 1320 «
191 1275 305 1325 tutis
327 1291 382 1324 ac
406 1273 665 1324 secundum
690 1273 802 1323 dicti
825 1279 1042 1323 tenorem
1062 1273 1271 1323 mandati
1295 1274 1542 1334 Avinione,

139 1371 160 1398 ‹
192 1351 271 1402 ubi
290 1356 402 1401 tunc
418 1356 520 1401 erat
538 1367 647 1401 cum
661 1351 790 1400 curia
809 1367 892 1400 sua
907 1350 1137 1410 residem,
1156 1351 1204 1400 in
1222 1350 1411 1417 publico
1428 1369 1545 1402 con-

141 1448 162 1474 ι
194 1428 406 1484 sistorio‚
444 1428 492 1477 in
527 1444 624 1493 quo
656 1433 757 1477 erat
789 1428 1079 1494 prelatorum
1110 1433 1159 1477 et
1190 1428 1412 1486 aliorum,
1448 1435 1546 1479 tam

140 1526 160 1552 ι
189 1506 466 1556 clericorum
493 1522 636 1572 quam
661 1506 918 1570 laycorum,
944 1522 1038 1555 non
1062 1505 1247 1555 modica
1272 1506 1541 1564 multitudo,

141 1603 160 1629 ‹
191 1582 435 1649 premissis
453 1598 614 1631 coram
632 1582 737 1647 ipso
757 1598 844 1648 per
861 1598 944 1631 eos
967 1581 1214 1647 expositis,
1238 1581 1547 1647 supplicando

141 1678 161 1704 ‹
194 1658 354 1724 petitis
377 1658 616 1707 humiliter
640 1663 688 1706 et
711 1656 896 1716 oblatis,
921 1657 1040 1722 ipse,
1063 1656 1233 1707 eodem
1258 1656 1482 1707 mandato
1501 1665 1547 1706 et

141 1755 162 1780 a
192 1735 384 1784 decreto
413 1733 652 1784 electionis
678 1733 890 1798 ejusdem
912 1732 1099 1783 uem-ici
1125 1749 1185 1782 ex
1214 1739 1351 1799 parte
1377 1733 1550 1799 princi·

142 1833 163 1859 «
195 1828 327 1879 pum,
358 1816 456 1861 tam
488 1810 911 1861 ecclesiasticorum
949 1827 1092 1876 quam
1132 1810 1430 1869 secularium,
1468 1811 1547 1876 qui

139 1908 160 1934 ‹
192 1887 410 1939 cumdem
436 1887 690 1953 elegerant,
719 1886 808 1936 sibi
840 1903 928 1952 per
952 1886 1191 1953 predictos
1222 1887 1411 1936 nuntios
1437 1903 1547 1952 pre-

140 1984 161 2011 «
193 1964 406 2021 scutatis,
441 1963 579 2028 plena
608 1978 717 2012 cum
748 1962 927 2013 eisdem
958 1963 1181 2012 fratribus
1211 1963 1546 2012 deliberatione

139 2061 159 2086 ‹
192 2040 434 2100 discussis,
462 2040 674 2105 factaque
698 2039 787 2089 sibi
818 2039 878 2088 de
901 2040 1127 2089 electione
1158 2040 1295 2106 hujus
1324 2040 1546 2090 concordi

140 2138 160 2163 ι
193 2123 240 2167 et
262 2117 487 2183 legittima
515 2117 652 2182 plena
681 2116 793 2173 fide,
821 2117 1084 2166 examinata
1115 2134 1305 2183 quoque
1342 2134 1544 2183 persona

187 2283 218 2319 1.
241 2281 297 2319 La
318 2281 525 2328 Ghrmu‘quo
543 2280 593 2318 du
616 2281 892 2319 continuatam·
910 2280 957 2318 de
977 2280 1199 2318 Guillauma
1218 2280 1266 2319 de
1283 2281 1434 2330 Nangis
1453 2284 1494 2329 (t.
1511 2282 1544 2325 1.

136 2351 173 2389 p.
196 2340 278 2386 372)
309 2344 486 2389 rapportc
511 2339 569 2377 les
593 2340 742 2378 memes
769 2340 874 2387 faits,
901 2339 1000 2377 mais
1026 2340 1053 2377 il
1072 2340 1138 2389 n'y
1157 2351 1180 2377 a
1199 2351 1353 2378 aucune
1379 2341 1543 2379 relation

135 2402 248 2436 entra
269 2402 370 2436 cotta
384 2397 540 2435 version
559 2402 598 2436 st
611 2398 649 2435 la
663 2399 788 2436 notre.
805 2397 910 2435 Pour
930 2398 985 2435 las
1005 2398 1168 2436 Grandes
1187 2399 1415 2445 Ghmniquss
1435 2404 1474 2443 (t.
1491 2399 1543 2446 V,

135 2467 172 2504 p.
202 2456 299 2504 183),
325 2456 420 2495 allas
440 2466 483 2494 se
502 2461 591 2494 sont
616 2457 791 2495 §cartam
818 2457 1119 2505 complatement
1143 2456 1189 2494 de
1211 2458 1248 2495 la
1272 2458 1542 2496 continuation

135 2514 182 2552 de
208 2514 430 2552 Guillauma
454 2513 502 2552 da
528 2514 693 2564 Nangis,
718 2526 817 2564 pour
845 2516 975 2553 suivre
1003 2516 1041 2553 la
1065 2516 1193 2553 mame
1221 2527 1360 2555 source
1386 2528 1460 2566 que
1487 2518 1543 2556 les

136 2575 248 2610 [sto-ro
265 2577 299 2610 oe
319 2575 511 2621 croniqw
528 2575 571 2611 do
592 2575 768 2612 Planum
789 2577 831 2619 (t.
853 2575 885 2620 Ι,
906 2586 942 2622 p.
965 2574 1060 2620 395).
1082 2575 1135 2612 Μ.
1159 2575 1202 2612 Ρ.
1226 2575 1338 2613 Paris
1356 2587 1380 2613 a
1399 2587 1543 2614 ramar-

136 2633 225 2681 qu6,
242 2632 295 2669 lui
316 2632 437 2679 aussi,
457 2643 532 2681 qua
554 2645 572 2668 ι
592 2633 629 2672 le
647 2638 750 2672 rasta
773 2633 821 2672 do
842 2633 996 2672 l‘alinaa
1017 2634 1116 2672 n’est
1136 2635 1332 2684 reproduit
1350 2647 1425 2685 qua
1444 2636 1543 2674 dans

140 2704 156 2725 α
178 2691 215 2728 la
242 2691 450 2738 Chroniqua
473 2692 516 2728 do
544 2693 731 2730 flandros.
759 2706 775 2726 ι
803 2694 979 2738 (Grandes
1008 2693 1248 2740 chroniquos,
1270 2699 1299 2731 t.
1323 2693 1372 2740 V,
1394 2705 1431 2742 p.
1458 2694 1539 2740 ¹⁸3,

138 2756 228 2788 note
250 2751 298 2796 l.)
