1838 3164
335 305 377 342 56
616 301 986 337 cunouomm’nu
1013 300 1165 334 amun
1190 296 1470 333 ΠΑΝῦΟΙῐῙΙ.
1629 292 1736 340 [1297

330 393 401 435 tes
420 381 812 433 monasteriorum
827 380 1172 432 Gemblaoensis
1189 384 1236 428 et
1253 375 1595 434 Senefflensis¹‚
1621 379 1738 426 beo-

329 461 503 511 diensis
526 458 745 518 diocesis,
769 458 951 509 remisit
974 457 1063 507 sibi
1089 455 1292 507 Parisius
1322 453 1467 503 fldem
1496 459 1543 503 et
1574 451 1739 503 boma-

325 538 455 604 gium
494 551 583 600 per
615 551 724 584 suas
766 539 981 600 patentes
1020 533 1199 582 litteras
1212 570 1225 590 ‚
1275 546 1362 579 suo
1402 544 1552 594 parvo
1587 527 1739 595 sigillo

326 612 578 670 munitas²‚
609 611 812 677 scriptas
839 610 965 676 apud
992 610 1158 659 Malam
1186 622 1337 674 prope
1370 604 1583 672 Brugias‚
1616 620 1741 655 anno

326 690 511 742 Domini
528 695 582 741 κ’
595 696 704 742 00⁸⁰
730 687 1035 755 nonagesimo
1057 687 1142 746 κη’,
1161 686 1239 736 die
1257 684 1479 736 memmii
1503 689 1614 750 post
1629 682 1742 750 Epi-

325 768 546 835 phaniam
569 766 804 817 Domini⁸.

389 851 500 898 Post
529 848 926 914 eomplementum
957 845 1204 913 legationis
1232 844 1460 894 abbatum
1498 848 1547 893 et
1574 857 1742 893 eoum

325 941 571 976 reversum
614 924 675 974 de
707 924 839 974 ouria
878 923 1007 989 regis
1046 925 1362 980 Francorum,
1408 920 1537 970 misit
1571 934 1659 969 rex
1693 919 1742 969 in

325 1001 589 1052 Flandriam
604 1001 1008 1067 archiepiscopum
1028 998 1383 1049 Narbonensem
1400 1003 1451 1047 et
1464 997 1743 1063 episcopum

326 1078 721 1127 silvanectensem
745 1075 1036 1125 consiliarios
1052 1075 1219 1132 suos⁴;
1246 1074 1328 1140 qui
1353 1073 1630 1123 aecedentes
1652 1086 1741 1138 per

326 1152 610 1202 conductum
634 1151 694 1201 ad
720 1151 956 1216 prefatum
979 1148 1243 1200 Guidonem
1266 1148 1510 1207 comitem,
1542 1148 1745 1198 interro-

325 1234 558 1295 gaverunt
579 1244 689 1278 eum
719 1244 779 1276 an
811 1228 913 1292 ipse
941 1225 1191 1276 assentiret
1228 1225 1395 1274 litteris
1427 1240 1517 1290 per
1545 1223 1744 1275 abbates

324 1304 427 1370 regi
448 1303 630 1353 delatis.
659 1303 837 1363 Quibus
860 1302 1138 1352 affirmative
1161 1301 1410 1368 respondit
1426 1316 1605 1360 eomes,
1633 1316 1744 1352 ver-

325 1380 525 1429 botenus
539 1378 830 1429 annectendo
851 1397 861 1427 :
886 1397 907 1424 c
932 1378 999 1436 si,
1027 1397 1048 1424 ι
1067 1378 1238 1443 inquit,
1261 1396 1283 1424 ι
1306 1393 1393 1427 rex
1408 1377 1524 1427 velit
1540 1376 1739 1443 aliquid,

324 1456 515 1506 accedat
532 1455 593 1505 ad
612 1455 781 1505 butum
804 1461 931 1505 terre
949 1471 1055 1505 mee
1069 1460 1117 1504 et
1135 1454 1227 1504 illio
1247 1454 1335 1504 sibi
1361 1451 1686 1520 respondebo.
1715 1472 1739 1501 ι

325 1532 519 1583 Reversi
553 1538 663 1581 sunt
691 1548 810 1599 ergo
837 1531 1049 1597 episoopi
1080 1531 1140 1580 ad
1175 1547 1364 1597 regem,
1393 1530 1581 1581 comitis
1608 1529 1743 1581 ferm

325 1623 611 1672 responsum
629 1607 907 1656 referentes.

389 1687 584 1749 idaim
594 1688 835 1738 mandavit
857 1705 943 1738 rex
967 1689 1171 1739 barones
1198 1688 1258 1738 ad
1288 1688 1560 1739 habendum
1586 1687 1744 1739 oonsi-

324 1765 438 1815 lium
463 1770 608 1831 super
631 1765 737 1824 hoc,
765 1766 847 1830 qui
873 1781 1039 1834 omnes
1063 1766 1398 1815 consuluerunt
1416 1766 1461 1815 ei
1480 1770 1533 1815 ut
1549 1781 1742 1816 manum

324 1843 384 1892 ad
401 1847 585 1907 pastam
606 1848 885 1908 apponeret.
904 1845 1006 1893 Rex
1021 1843 1181 1908 itaque
1197 1843 1305 1892 huic
1319 1843 1516 1892 oonsilio
1530 1843 1745 1909 aequies-

324 1935 452 1978 oens,
486 1919 608 1968 illioo
637 1920 943 1986 congregavit
975 1920 1238 1970 exercitum
1271 1919 1539 1986 copiosum,
1567 1926 1622 1970 ut
1651 1920 1746 1971 iret

324 2011 469 2061 super
502 1996 787 2063 Flamingos.
821 1995 956 2056 Quod
984 2012 1094 2046 eum
1127 1997 1269 2047 sciret
1309 2013 1470 2047 eomes
1503 1996 1740 2055 flandrie,

323 2073 573 2123 confestim
587 2073 821 2123 mandatis
840 2074 938 2123 suis
957 2074 1165 2124 allocatis
1188 2091 1273 2124 seu
1297 2074 1388 2124 sibi
1406 2074 1739 2134 oonsederatis,

371 2238 407 2276 1.
429 2238 482 2275 Μ.
510 2237 558 2275 de
577 2237 745 2287 Waffly,
766 2249 817 2276 an
845 2237 1022 2276 donnant
1047 2238 1084 2277 le
1108 2243 1216 2277 texte
1240 2239 1289 2277 de
1313 2244 1417 2278 cette
1443 2240 1557 2278 lettre
1582 2240 1739 2287 (Hister.

322 2298 365 2334 de
393 2299 469 2340 Fr„
494 2302 524 2334 t.
548 2296 685 2345 XXII,
703 2308 743 2345 p.
771 2297 871 2345 359),
891 2308 916 2334 a
938 2297 1094 2335 monti-e
1121 2308 1197 2346 que
1224 2308 1270 2336 ee
1296 2298 1396 2336 n’sst
1420 2308 1490 2346 pas
1512 2298 1742 2345 Senam

324 2355 416 2403 qu’il
444 2355 526 2392 faut
550 2355 642 2402 lire,
671 2355 773 2392 mais
802 2357 1043 2401 floreffiensis.
1077 2355 1135 2393 La
1159 2356 1275 2394 lettre
1303 2362 1365 2394 est
1391 2368 1443 2395 en
1471 2355 1655 2407 sanetis.
1683 2356 1742 2395 Ia

327 2415 535 2510 mart-{miquo
553 2416 760 2511 ngrmando
777 2416 829 2452 du
846 2415 941 2453 111⁷·
957 2417 1063 2453 sudo
1081 2415 1310 2454 mentionne
1332 2416 1430 2454 trois
1454 2416 1573 2454 abbas
1591 2427 1643 2455 tu
1661 2416 1740 2455 lieu

324 2473 372 2511 de
416 2483 493 2510 eux
514 2474 563 2521 (p.
609 2474 634 2522 ).

371 2532 408 2570 2.
430 2531 483 2570 Ge
501 2531 620 2570 detail
639 2537 699 2570 est
717 2533 888 2572 inexact.

373 2591 407 2629 3.
429 2591 452 2629 9
479 2591 635 2639 janvier
666 2592 772 2631 1297.
803 2613 854 2621 —
879 2592 939 2631 Cf.
971 2592 1195 2631 Guillaume
1225 2593 1366 2632 Guiart
1398 2595 1556 2641 (Hister.
1587 2595 1633 2632 ds
1658 2595 1736 2640 h„

323 2655 354 2687 t.
375 2649 513 2697 XXII,
531 2662 570 2699 p.
591 2651 675 2697 226,
696 2662 785 2689 vers
805 2652 920 2691 13706
938 2651 964 2690 εὶ
983 2652 1127 2699 13718).

372 2710 408 2746 4.
429 2709 622 2758 Davoque
645 2709 850 2749 d’Amiens
873 2711 943 2750 dut
966 2712 1049 2750 atre
1074 2711 1177 2750 mele
1195 2711 1219 2749 ῖι
1243 2722 1310 2749 ees
1336 2713 1617 2761 negociations.
1639 2712 1736 2752 Voir

325 2767 412 2816 plus
432 2768 512 2806 loin
530 2780 568 2817 p.
590 2769 651 2817 82,
671 2781 712 2807 n.
734 2771 768 2807 3.
