1838 3164
154 253 260 302 1313]
430 258 802 292 onnONOGRAPmA
826 258 980 292 ucula
1006 258 1287 293 chomnt.
1493 256 1561 293 203

155 356 177 383 ι
207 336 312 386 tulit
335 336 594 402 imperator
617 335 893 387 sententiam
917 336 1234 400 supradictam
1252 336 1300 386 in
1319 352 1483 403 regem
1499 354 1560 386 ex

154 432 177 459 ι
207 429 370 473 causa,
416 430 509 479 que
553 413 763 464 veritatis
805 410 1154 462 subsistentiam
1198 430 1295 463 non
1338 413 1556 464 habebat.

153 509 176 536 ι
205 492 406 556 Propter
437 506 580 556 quam
613 490 778 546 etiam,
811 493 1043 553 quatenus
1075 489 1124 537 in
1159 506 1217 539 eo
1249 490 1360 549 fuit,
1395 507 1560 558 regem

153 586 175 613 ι
203 567 422 617 eumdem
441 565 673 632 privando
689 581 839 631 regno
857 580 912 614 ac
929 565 1059 630 regia
1079 571 1328 631 potestate,
1348 584 1403 616 ac
1420 568 1561 617 terris

151 662 174 688 ι
204 648 252 692 et
283 642 385 692 aliis
411 639 814 709 jurisdictionibus
846 641 1089 706 perpetuis
1122 647 1170 690 et
1200 643 1556 707 temporalibus,

150 738 171 765 ‹
202 737 295 786 que
319 720 408 770 sub
431 736 491 769 eo
519 718 782 769 nullatenus
809 717 885 767 vel
911 717 971 767 ab
999 733 1075 776 eo,
1104 718 1189 767 sed
1216 719 1278 767 ab
1304 719 1409 784 ipso
1437 724 1560 786 Papa

150 815 171 840 ε
202 802 250 846 et
273 797 363 846 sub
386 812 444 845 eo
462 796 669 854 tenebat,
692 811 872 844 necnon
893 793 1197 860 procedendo
1216 802 1379 845 contra
1396 813 1559 863 regem

148 892 170 919 ‹
200 872 421 923 eumdem
453 889 514 922 ex
550 872 662 931 illis,
699 889 794 938 que
830 889 919 939 per
954 872 1104 938 ipsius
1139 873 1470 939 stipendiarios
1506 891 1560 924 ac

146 969 169 996 ι
201 950 449 1000 nonnullos
482 950 783 1016 imperatoris
814 950 1028 1017 ejusdem
1059 950 1276 1000 subditos
1309 967 1397 1017 per
1428 952 1561 1001 mali-

146 1046 168 1073 «
197 1027 319 1077 ciam
337 1032 386 1076 et
404 1027 754 1094 instigationem
774 1028 923 1092 ipsius
943 1027 1071 1094 regis
1095 1032 1259 1077 contra
1283 1044 1394 1079 eum
1418 1027 1559 1078 fuisse

146 1122 168 1149 ι
199 1103 450 1154 commissa
486 1104 533 1153 in
570 1103 696 1154 Urbe
732 1103 941 1163 dicebat,
978 1119 1087 1153 cum
1122 1104 1211 1153 etsi
1247 1104 1323 1153 illa
1358 1120 1413 1154 re
1447 1120 1558 1154 vera

145 1200 168 1227 ‹
201 1180 435 1246 [fuissent]
457 1181 676 1240 comissa,
697 1181 915 1248 pugnitio
934 1185 1091 1231 tamen
1113 1197 1280 1232 eorum
1303 1181 1353 1232 in
1373 1197 1555 1248 regem,

145 1277 166 1304 ‹
197 1259 326 1308 velut
342 1264 478 1309 extra
496 1258 763 1308 districtum
782 1259 967 1324 imperii
983 1258 1313 1317 comissatum,
1332 1259 1394 1309 ad
1409 1259 1558 1324 impe-

143 1354 165 1379 «
196 1341 404 1384 ratorem
437 1335 701 1385 nullatenus
734 1336 1018 1401 pertineret,
1052 1335 1307 1386 inhibendo
1338 1335 1478 1384 etiam
1511 1335 1557 1383 in

145 1431 167 1458 ‹
195 1412 363 1462 eadem
398 1413 629 1462 sententia
659 1412 749 1463 sub
780 1429 1062 1479 magnarum
1089 1413 1386 1479 appositione
1415 1429 1559 1479 pena-

143 1508 166 1535 «
195 1505 327 1548 rum,
364 1506 565 1555 quarum
600 1489 780 1555 aliquas
814 1490 904 1539 sibi
937 1490 1164 1555 applicari
1197 1489 1463 1548 mandavit,
1498 1507 1557 1539 ne

143 1586 165 1612 ι
194 1566 301 1631 quis
325 1565 452 1615 dicto
476 1566 577 1632 regi
600 1572 900 1632 presumeret
923 1566 970 1615 in
996 1566 1095 1615 suis
1117 1567 1407 1632 respondere
1425 1567 1558 1616 debi-

142 1663 164 1690 ‹
194 1643 273 1702 tis,
301 1644 349 1693 in
373 1643 580 1710 ipsiusve
611 1643 923 1693 familiaritate
951 1644 1028 1693 vel
1059 1643 1260 1693 servicio
1289 1660 1552 1702 remanere,

141 1740 163 1767 ι
193 1725 274 1771 aut
302 1720 456 1770 eidem
486 1726 651 1770 contra
681 1720 839 1786 ipsum
871 1720 1209 1786 imperatorem
1241 1722 1556 1786 quovismodo

140 1817 162 1844 ι
193 1797 469 1864 impendere
503 1797 774 1855 consilium,
811 1797 1036 1847 auxilium
1071 1798 1145 1847 vel
1176 1799 1412 1857 savorem,
1447 1816 1553 1848 cum

139 1894 161 1921 ι
192 1874 450 1934 debitores,
473 1875 730 1925 servitores
748 1881 797 1925 et
814 1875 1115 1926 auxiliatores
1133 1875 1401 1942 hujusmodi
1420 1883 1553 1927 extra

140 1970 163 1997 ι
192 1951 445 2017 imperium
465 1957 514 2002 et
539 1952 588 2001 in
612 1968 762 2019 regno
785 1952 1026 2003 constituti
1050 1952 1267 2018 predicto
1292 1953 1554 2004 nullatenus

141 2049 162 2075 ι
192 2029 470 2094 imperatori
490 2029 756 2089 subessent,
778 2046 865 2080 nec
885 2046 946 2079 ex
963 2030 1312 2080 committendis
1333 2030 1380 2080 in
1405 2047 1553 2098 regno

141 2125 162 2151 ι
192 2106 363 2156 eodem
392 2105 530 2156 dictis
560 2113 757 2172 possent
785 2107 922 2172 penis
950 2107 1144 2173 astringi
1173 2107 1267 2172 [vel
1293 2107 1553 2173 aliqualiter

139 2202 161 2228 ι
190 2182 512 2250 condemnari]
532 2200 619 2250 per
634 2184 810 2250 ipsum,
830 2183 1120 2234 absolvendo
1134 2201 1326 2250 quoque
1343 2184 1404 2234 ab
1421 2185 1549 2234 omni

138 2280 160 2306 ‹
190 2260 430 2320 fidelitate,
447 2260 749 2328 obligatione,
770 2262 988 2321 servicio,
1008 2262 1322 2328 promissione
1339 2278 1394 2311 ac
1412 2267 1550 2328 pacto

138 2355 159 2381 ‹
191 2336 477 2402 provincias,
503 2337 716 2388 civitates
739 2344 787 2387 et
810 2343 964 2387 castra
989 2338 1231 2403 ipsiusque
1257 2338 1479 2388 vassallos
1502 2344 1549 2388 et

139 2433 161 2459 «
191 2413 475 2464 feudatarius
502 2421 551 2464 et
577 2415 694 2465 alios
721 2414 956 2481 quoslibet
983 2414 1137 2464 eidem
1161 2415 1262 2481 regi
1285 2415 1548 2481 quomodo-

139 2510 160 2536 «
190 2490 305 2540 libet
338 2490 594 2558 obligatos,
633 2509 743 2542 cum
779 2491 1130 2542 includerentur
1166 2491 1214 2541 in
1252 2492 1547 2542 absolutione

139 2588 160 2613 ι
187 2567 325 2634 hujus
339 2574 467 2619 teme
482 2575 531 2619 et
545 2586 748 2636 persone
763 2570 916 2620 eidem
931 2572 1056 2636 Pape
1071 2575 1120 2618 et
1134 2570 1328 2619 ecclesie
1339 2573 1546 2620 Romane

138 2664 159 2690 ι
191 2645 419 2712 subjecte,
461 2648 654 2713 proprie
689 2648 916 2698 terminos
951 2647 1197 2713 potestatis
1232 2647 1458 2705 excessit,
1499 2648 1543 2697 in

138 2740 159 2766 ι
191 2738 393 2772 messem
417 2724 632 2789 papalem
652 2725 896 2791 propriam
916 2724 1172 2774 immittens
1189 2739 1440 2790 perperam
1458 2724 1543 2774 fal-
