1838 3164
386 297 449 335 ¹14
654 295 1022 331 cnnouoomu’uu
1049 294 1200 328 amun
1226 293 1504 328 muoonuu.
1674 288 1780 337 [¹³⁰²

381 387 580 436 tracum,
603 375 790 425 nomine
811 374 1120 441 Groninghes,
1145 372 1326 423 ordinis
1342 371 1677 430 (isterciensis,
1702 370 1782 421 ubi

380 453 665 519 sepelierunt
682 467 881 518 corpora
900 451 947 501 in
967 450 1119 501 tribus
1137 450 1330 501 tumulis
1354 447 1604 516 plumbeis,
1623 463 1783 499 coram

379 531 524 579 altare
547 528 759 596 ejusdem
782 527 992 586 ecclesie,
1021 544 1144 578 anno
1168 525 1490 593 supradicto⁴.

442 610 624 656 Interea
652 621 769 656 vero
801 604 1072 655 obsidentes
1103 604 1344 655 castellum
1377 601 1606 661 curtraci,
1640 599 1784 652 temia

378 683 455 734 die
478 688 604 749 post,
633 682 682 732 in
700 682 993 733 dedicionem
1011 687 1292 748 receperunt
1316 680 1477 731 inud2.
1498 677 1786 731 castellania

377 766 535 811 autem
573 756 720 810 Lentii
756 765 805 809 et
839 759 921 825 qui
957 775 1066 810 cum
1105 775 1164 810 eo
1200 758 1325 808 intus
1362 762 1521 815 erant,
1557 760 1786 806 exeuntes

377 852 561 896 omnes,
586 835 804 886 conducti
827 842 936 886 sunt
959 836 1211 886 salubriter
1224 835 1341 886 citra
1362 834 1558 885 fluvium
1581 831 1720 891 Lisie,
1738 837 1788 883 et

377 914 565 964 interim
589 913 832 979 Flamingi,
856 913 1098 963 castellum
1116 913 1363 971 intrantes,
1389 912 1546 978 ipsum
1565 907 1788 978 gentibus

377 990 492 1048 suis,
520 988 798 1039 victualibus
816 994 865 1038 et
888 988 1033 1038 armis
1057 988 1236 1054 optime
1257 987 1553 1046 munierunt;
1579 1001 1788 1051 moxque

376 1066 647 1116 Guillelmus
666 1065 725 1114 de
743 1065 939 1123 Julioco,
962 1071 1207 1131 assumpto
1225 1064 1454 1124 exercitu,
1475 1062 1606 1113 venit
1622 1061 1788 1113 obses·-

377 1160 483 1194 sum
515 1144 694 1194 Insulas
733 1161 743 1192 :
783 1144 845 1193 illi
876 1160 993 1194 vero
1024 1143 1084 1194 de
1112 1144 1220 1194 villa
1251 1143 1478 1194 hebenter
1511 1141 1616 1210 (tic)
1646 1140 1790 1192 rosio·

377 1226 547 1281 tentes,
570 1221 781 1270 fecerunt
801 1221 992 1270 tmctari
1016 1221 1237 1287 quatinus
1261 1226 1456 1287 possent
1477 1217 1680 1269 reddere
1702 1217 1789 1268 vil-

376 1296 470 1345 lam
514 1296 654 1346 salvis
693 1296 975 1362 corporibus
1012 1297 1127 1347 suis.
1171 1295 1338 1347 Statim
1376 1296 1522 1363 igitur
1562 1293 1787 1361 Flamingi

376 1372 572 1438 ingressi
597 1377 706 1421 sunt
728 1371 904 1431 villam,
934 1378 1165 1438 ponentes
1191 1372 1360 1422 vexilla
1384 1389 1470 1423 sua
1499 1386 1646 1438 super
1674 1385 1790 1438 por-

375 1455 465 1498 tas.
490 1448 666 1499 Deinde
682 1447 899 1499 abierunt
916 1448 1043 1514 apud
1062 1452 1289 1508 Duacum,
1311 1448 1485 1515 quibus
1502 1448 1627 1499 illico
1643 1463 1787 1499 vene-

376 1530 487 1574 runt
509 1528 774 1575 Duacenses
797 1525 1005 1586 obviam,
1031 1525 1287 1577 reddentes
1309 1525 1379 1576 eis
1399 1525 1575 1576 villam.

440 1601 639 1662 Quidam
668 1618 785 1652 vero
815 1601 976 1652 dicunt
1009 1603 1140 1669 quod
1170 1603 1452 1663 Insulenses,
1481 1608 1535 1653 ut
1561 1600 1788 1653 vidennnt

376 1695 428 1728 se
449 1678 630 1728 obsessi
655 1679 761 1744 (sic)
786 1696 813 1728 a
839 1685 970 1729 tanto
993 1679 1205 1730 exercitu
1234 1680 1605 1747 flamingorum,
1631 1678 1790 1730 consi·

376 1754 438 1804 lio
474 1754 659 1804 comitis
694 1755 1136 1815 Sacrocesariensis,
1177 1755 1260 1821 qui
1298 1752 1546 1806 castellum'
1573 1753 1789 1821 eju-dem

375 1831 484 1880 ville
507 1848 569 1882 ex
592 1838 727 1898 parte
751 1832 878 1899 regis
902 1833 1212 1892 custodiebat,
1240 1833 1587 1899 parlamentum
1609 1831 1790 1883 habue-

376 1914 486 1957 runt
516 1924 625 1958 cum
660 1909 935 1976 Flamingis‚
971 1927 999 1958 a
1032 1910 1205 1975 quibus
1237 1909 1547 1960 obtinuerunt
1574 1908 1789 1960 inducias

376 1985 513 2053 unius
537 1986 731 2044 mensis,
759 1986 839 2035 tali
862 1991 1002 2052 pacto
1025 1987 1172 2052 quod,
1198 1987 1238 2037 si
1262 1987 1383 2037 infra
1413 1987 1545 2038 illum
1573 2001 1788 2038 mensem

390 2128 458 2179 Ui.
482 2127 539 2165 La
557 2127 766 2174 chronique
790 2127 866 2166 due
891 2138 941 2165 au
966 2128 1245 2179 continuateur
1262 2129 1310 2167 do
1328 2129 1550 2168 Guillauxne
1569 2128 1618 2168 do
1635 2127 1788 2178 ungi·

377 2189 416 2235 (t.
443 2186 477 2235 1,
497 2197 534 2235 p.
557 2186 638 2232 320)
659 2191 835 2236 raconte,
862 2197 914 2225 en
933 2187 1038 2236 estet,
1067 2198 1143 2237 que
1167 2188 1205 2226 le
1229 2198 1343 2237 corps
1367 2188 1414 2226 de
1442 2187 1590 2226 Robert
1613 2185 1787 2225 durmin

375 2244 432 2282 fut
459 2244 633 2282 enseveli
659 2255 729 2292 par
753 2244 811 2282 les
835 2244 943 2282 soins
967 2244 1018 2282 du
1049 2245 1251 2294 col-delier,
1287 2259 1304 2282 ι
1330 2247 1372 2284 in
1399 2246 1548 2295 capella
1578 2243 1785 2295 cujusdam

375 2303 528 2340 abbatie
552 2303 783 2341 monialium
808 2304 1044 2342 feminarum
1077 2305 1241 2344 minime
1271 2305 1512 2350 dedicata...;
1536 2320 1555 2341 ι
1586 2305 1719 2356 c’dttit
1748 2304 1788 2343 ln

375 2362 552 2409 chapelle
571 2361 619 2399 de
638 2362 815 2411 l'abbaye
840 2362 888 2400 de
913 2363 1159 2414 Groningen,
1184 2365 1431 2414 aujourd'hui
1455 2364 1554 2403 dans
1578 2364 1637 2404 les
1660 2363 1786 2414 Payt-
1836 2383 1838 2385 ·

375 2420 469 2458 Bas.
491 2420 549 2458 cf.
571 2423 737 2460 Grandes
755 2422 984 2469 chronique„
1004 2426 1044 2470 (t.
1067 2423 1119 2469 V,
1138 2435 1176 2472 p.
1199 2423 1296 2469 142).

422 2480 459 2516 2.
484 2479 519 2516 Il
542 2480 667 2528 parait
695 2491 772 2529 que
796 2479 974 2519 Gourtrai
998 2481 1057 2519 fut
1084 2481 1207 2520 rendu
1235 2493 1313 2520 aux
1337 2482 1549 2521 Flamands
1572 2482 1596 2520 ἆ
1619 2482 1659 2520 Ιι
1683 2481 1787 2520 mito
1836 2479 1838 2483 ’

375 2539 490 2576 d’une
509 2539 758 2588 negociation
777 2540 975 2589 conduite,
993 2540 1040 2578 de
1060 2541 1145 2579 leur
1164 2542 1266 2590 cote,
1284 2553 1356 2590 par
1373 2543 1542 2592 Thierry
1560 2541 1608 2580 do
1626 2539 1785 2580 Homin-

376 2598 491 2636 chote
521 2602 561 2636 et
591 2598 628 2636 le
659 2599 857 2637 chatelain
886 2597 1052 2638 d'Alost.
1085 2602 1218 2648 (Istoro
1247 2606 1282 2639 ot
1306 2605 1500 2650 croniques
1523 2603 1568 2639 do
1589 2601 1782 2644 flandra,

374 2656 549 2705 publiees
567 2667 638 2704 par
655 2658 692 2695 le
709 2657 833 2696 baron
851 2658 1016 2708 Kervyn
1034 2659 1082 2696 de
1105 2658 1364 2710 Mttenhove,
1383 2666 1413 2699 t.
1433 2660 1467 2709 1,
1486 2671 1526 2709 p.
1545 2659 1617 2698 254
1639 2663 1681 2696 ot
1696 2657 1785 2705 255,

376 2722 468 2754 note
488 2716 538 2759 1.)
549 2716 651 2754 Jean
669 2717 717 2755 de
735 2718 841 2756 Lens
859 2723 898 2756 et
909 2719 1012 2757 Jean
1023 2719 1071 2757 de
1089 2719 1237 2759 Brevin
1249 2721 1380 2759 furent
1394 2720 1569 2769 envoyes
1587 2718 1612 2756 ὰ
1632 2717 1785 2765 Bmuet
1831 2715 1838 2757 -J

376 2786 474 2825 pour
491 2787 518 2823 y
537 2776 640 2813 tenir
658 2776 743 2815 leur
760 2778 907 2825 prison.
930 2779 1153 2827 (om-unique
1171 2783 1390 2827 nomnande,
1409 2792 1448 2829 p.
1471 2780 1545 2828 1⁹.)
