1838 3164
303 274 325 312 2
579 274 946 309 ῦΗΒΟΝΟῦΒΛΡΙῙΙΑ
974 273 1125 307 REGUH
1152 271 1432 306 numenium.
1595 267 1703 315 [¹273

301 356 401 422 ejus
431 356 608 404 intrans
637 354 697 403 ad
730 370 839 403 eum
869 358 1144 410 accesserat,
1174 351 1234 401 de
1260 367 1376 417 pace
1401 356 1699 410 tractaturus,

299 439 450 481 castra
465 438 512 480 et
528 430 751 480 fortalicia
768 447 850 480 sua
869 446 1028 481 coram
1047 445 1158 494 rege
1178 428 1362 494 aperuit
1379 435 1444 486 et,
1466 427 1526 477 ad
1546 428 1702 494 ipsum

297 525 404 557 cum
419 524 567 557 uxore
585 506 812 559 accedens
828 506 1035 566 humilis,
1051 505 1237 556 veniam
1254 504 1457 571 petendo
1475 503 1535 553 de
1553 505 1704 554 offen-

296 585 377 643 sis,
405 585 630 634 voluntati
660 584 785 651 regis
816 600 866 633 se
897 582 1102 632 totaliter
1130 581 1363 631 submisit.
1392 584 1492 631 Rex
1523 586 1699 639 autem,

295 661 519 726 predictis
542 661 708 711 castris
737 667 784 710 et
814 659 1053 709 fortaliciis
1081 675 1275 709 suorum
1305 658 1516 725 gentium
1547 673 1705 708 armo-

293 753 401 787 rum
423 738 635 804 garnitis,
657 734 1037 802 prenominatum
1062 735 1283 785 comitem
1306 741 1354 784 et
1377 750 1575 785 uxorem
1600 734 1704 800 ejus

293 814 543 879 accipiens,
571 813 771 863 Parisius
801 812 1023 862 adduxit¹
1059 817 1107 860 et
1138 827 1224 877 per
1250 811 1442 877 longum
1473 808 1704 876 temporis

292 890 503 955 spacium
527 889 575 938 in
595 888 818 954 capcione
840 887 941 953 ejus
967 886 1145 936 ibidem
1170 886 1418 935 detinuit&

358 968 492 1016 Anno
523 965 705 1015 Domini
737 965 790 1013 κο
816 963 894 1014 00⁰
920 963 1105 1022 Lxxnff,
1138 962 1394 1028 Gregorius
1422 966 1546 1029 Papa
1576 962 1706 1012 venit

292 1043 339 1092 in
373 1042 614 1092 Franciam
649 1048 697 1091 et
736 1040 990 1091 celebravit
1027 1039 1246 1106 generale
1287 1039 1532 1089 concilium
1575 1038 1704 1105 apud

291 1119 587 1185 Lugdunum,
621 1118 699 1167 ubi
729 1117 890 1167 multis
919 1116 981 1167 ad
1010 1117 1240 1166 honorem
1268 1117 1350 1166 Dei
1380 1132 1470 1183 pro
1505 1116 1704 1166 utilitate

291 1196 493 1245 Ecclesie
518 1212 601 1245 sue
627 1201 783 1244 sancte
809 1193 1065 1259 dispositis,
1094 1194 1218 1243 inter
1241 1194 1327 1243 alia
1353 1198 1581 1243 statutum
1608 1198 1701 1251 est,

291 1272 419 1337 quod
443 1272 614 1321 amodo
642 1271 815 1338 bigami
847 1288 940 1320 non
971 1276 1282 1336 protegantur
1305 1270 1473 1319 litteris
1498 1275 1580 1320 aut
1606 1269 1706 1336 pri-

291 1348 471 1414 vilegiis
500 1364 639 1397 causa
669 1348 914 1397 clericatus
944 1347 1012 1397 eis
1041 1347 1240 1406 collatis,
1274 1347 1526 1413 plusquam
1557 1346 1702 1396 ceteri

291 1425 428 1490 layci.
466 1425 533 1474 lbi
570 1424 838 1475 destructus
870 1428 944 1473 est
974 1424 1119 1483 ordo,
1153 1423 1235 1488 qui
1265 1423 1428 1490 gallice
1458 1423 1705 1474 dicebatur

290 1501 371 1550 des
405 1501 515 1560 Sas,
555 1517 665 1551 cum
701 1500 986 1566 quibusdam
1021 1500 1124 1550 aliis
1159 1499 1423 1549 ordinibus.
1461 1499 1533 1549 Ad
1573 1499 1704 1566 quod

290 1578 536 1628 concilium
561 1578 646 1627 ivit
671 1594 757 1627 rex
776 1578 1032 1642 Philippus,
1056 1594 1145 1642 pno
1168 1577 1266 1627 suis
1290 1577 1498 1644 negociis
1526 1582 1574 1627 et
1595 1593 1706 1643 spe-

290 1655 466 1704 cialiter
496 1672 588 1721 pro
624 1655 976 1705 canonizacione
1010 1655 1160 1720 patris
1196 1655 1317 1704 sui³.
1356 1658 1524 1704 Postea
1558 1670 1696 1714 vero,

290 1732 535 1797 completis
557 1748 650 1797 que
673 1738 775 1781 erat
797 1737 1004 1791 acturus,
1027 1747 1248 1780 reversus
1272 1736 1346 1781 est
1369 1731 1594 1781 Parisius.

339 1868 373 1905 1.
394 1867 451 1904 La
479 1876 694 1914 campagne
721 1871 856 1904 contre
885 1865 921 1903 la
948 1870 1076 1903 comte
1103 1864 1151 1903 de
1179 1865 1276 1902 Foix
1305 1870 1366 1903 est
1394 1866 1580 1904 racontee
1607 1876 1704 1905 avec

290 1925 475 1974 quelques
494 1924 630 1962 details
650 1925 735 1973 plus
754 1925 880 1973 precis
894 1923 991 1962 dans
1011 1924 1048 1961 la
1067 1925 1275 1971 chronique
1289 1926 1406 1962 latine
1418 1923 1465 1961 de
1479 1924 1703 1964 Guissauma

290 1984 336 2022 de
355 1983 506 2032 Nangis
532 1983 604 2031 (ed.
626 1983 796 2032 (letand,
817 1988 845 2021 t.
873 1983 907 2030 I,
926 1995 963 2032 p.
985 1983 1055 2021 242
1074 1982 1099 2020 a
1117 1982 1214 2030 244).
1238 1983 1312 2020 Les
1332 1984 1438 2022 Gesta
1463 1984 1632 2032 Philippi
1648 1986 1704 2023 ΙΙΙ

294 2043 512 2089 (Historiam
532 2044 574 2079 de
599 2043 748 2089 Franco,
773 2047 803 2080 t.
829 2041 928 2089 XX,
948 2053 986 2090 p.
1008 2042 1090 2088 490)
1114 2047 1167 2090 et,
1197 2043 1310 2090 apres
1336 2053 1429 2090 eux,
1456 2042 1514 2080 les
1538 2043 1703 2084 oranda

290 2103 514 2149 oliv-onmes
533 2102 706 2140 donnent
725 2102 811 2150 plus
830 2101 877 2140 de
895 2102 1034 2140 details
1053 2113 1195 2140 encore
1213 2108 1252 2139 et
1266 2102 1541 2141 mentionnent
1555 2102 1594 2141 la
1610 2113 1705 2152 cap-

290 2162 401 2200 tivit&
420 2161 467 2200 de
487 2162 525 2199 la
543 2167 734 2199 comtesse
753 2161 800 2199 de
820 2162 930 2199 Foix.
945 2162 1010 2199 Au
1030 2167 1147 2209 reste,
1169 2164 1201 2199 lo
1220 2163 1337 2208 Reque
1354 2163 1397 2198 do
1414 2162 1582 2209 Philippo
1596 2163 1655 2200 111
1669 2165 1702 2200 lo

291 2222 421 2264 Har-di,
442 2232 512 2268 par
534 2220 587 2258 M.
615 2219 761 2257 Ch.-V.
789 2220 988 2269 Langlois,
1010 2220 1186 2258 contient
1215 2231 1268 2258 un
1300 2220 1398 2259 reicit
1426 2221 1506 2258 tres
1533 2221 1701 2269 complet

291 2279 337 2316 de
357 2284 458 2317 cette
478 2279 700 2327 expedition
718 2285 771 2327 (p.
793 2280 837 2317 59
858 2280 881 2316 ὁ.
900 2280 974 2327 62).

338 2339 374 2376 2.
394 2339 428 2375 ΙΙ
447 2339 504 2376 fut
522 2339 771 2387 emprisonne
790 2339 814 2376 a
833 2339 1105 2388 Beauquesne.
1130 2339 1200 2387 (Cf.
1227 2339 1266 2376 la
1284 2340 1451 2377 ancho
1476 2341 1535 2376 dos
1563 2350 1702 2386 raucus

291 2400 494 2445 ιίηᾳηαρω,
516 2410 586 2446 par
610 2398 832 2437 Guillaume
859 2398 1014 2447 Guiart,
1039 2400 1243 2436 Historiam
1267 2400 1311 2436 de
1335 2401 1489 2442 stranea,
1511 2404 1539 2436 t.
1562 2397 1701 2447 XXII,

291 2467 327 2504 p.
349 2457 434 2504 210,
455 2468 542 2494 vers
563 2457 708 2501 12098.)

340 2514 374 2550 3.
404 2514 447 2551 Si
478 2515 516 2551 la
549 2515 756 2561 Chi-unique
793 2514 840 2552 de
872 2514 1095 2552 Guillaume
1126 2515 1173 2553 de
1203 2515 1355 2564 Nangis
1389 2527 1437 2553 ne
1470 2515 1700 2554 mentionne

291 2583 360 2620 pas
380 2573 417 2610 la
436 2574 683 2622 suppression
702 2574 770 2612 des
795 2574 916 2612 freres
934 2574 1003 2611 des
1023 2574 1135 2620 Saos,
1157 2586 1210 2612 on
1233 2580 1372 2613 trouve
1398 2586 1443 2613 ce
1470 2575 1699 2623 renseigue-

292 2636 401 2668 ment
418 2631 516 2668 dans
543 2632 600 2669 les
626 2634 728 2670 Gesta
751 2634 916 2680 Philippi
937 2634 994 2670 111
1017 2638 1057 2670 et
1084 2633 1182 2671 dans
1207 2634 1264 2671 les
1290 2635 1455 2672 Grandes
1473 2635 1699 2681 Chronica&

294 2692 333 2736 (t.
356 2690 406 2737 V,
426 2702 464 2739 p.
481 2691 554 2738 36).
577 2691 691 2729 Saint
708 2692 826 2729 Louis
845 2692 951 2730 avait
969 2692 1039 2730 fait
1057 2692 1192 2730 editior
1209 2704 1288 2731 une
1301 2694 1422 2742 eglise
1434 2693 1459 2731 ὲ
1472 2693 1585 2732 Paris
1598 2703 1698 2742 pour

292 2759 357 2786 ces
382 2749 582 2798 religieux,
610 2762 699 2789 vers
725 2751 1256 2791 Saint-Germaindes-Pres.
1287 2753 1367 2791 Des
1392 2752 1613 2803 Augustius
1637 2752 1696 2790 les
