1838 3164
364 293 429 330 182
620 289 990 327 cunouoomrnu
1016 287 1168 322 RBGUU
1194 287 1471 321 ΡΙΑΝΟΟΙΠΙ.
1501 283 1762 332 [laneum

359 373 647 439 Templarios
673 378 719 421 et
743 387 910 421 eorum
933 370 1148 420 ordinem
1177 369 1277 418 sive
1308 375 1483 419 sectam
1510 369 1765 419 enormiter

357 449 651 508 detestando,
683 449 730 498 in
760 447 958 498 concilio
983 447 1160 499 vienne
1190 444 1428 496 celebrato
1458 461 1582 495 anno
1610 446 1765 512 gracie

358 526 613 580 u⁰ccc⁰x¹1⁰
627 527 673 576 in
693 525 899 576 crastino
915 528 1073 583 Pasce,
1092 541 1185 590 que
1202 523 1304 573 dies
1322 522 1388 590 vj·
1404 521 1627 572 kalendas
1640 523 1766 588 spri-

360 605 415 653 lis
439 603 542 662 suit,
567 602 712 653 tercia
730 601 904 652 scilicet
924 619 952 651 a
974 601 1098 650 festo
1116 598 1490 649 Annuntiationis
1506 597 1763 657 Dominice,

360 698 476 731 voce
494 680 704 746 propria,
727 679 881 746 palam
898 685 944 728 et
964 677 1150 744 publice
1173 676 1361 742 penitus
1379 674 1764 742 condempnavit,

360 757 480 807 sicut
505 756 717 807 diffusius
746 756 865 805 infra
889 755 1116 813 dicemus,
1147 754 1277 820 ipsos
1303 752 1496 818 quidem
1523 758 1574 802 et
1601 768 1769 803 omnes

357 834 446 884 sibi
467 833 763 890 adherentes,
785 831 1069 881 sustinentes
1092 846 1175 880 eos
1199 836 1247 879 et
1267 830 1415 879 eciam
1437 834 1622 895 partem
1640 828 1769 896 ipso-

359 927 467 961 rum
492 925 790 996 quocumque
809 906 952 957 modo
972 907 1210 965 foventem
1235 922 1402 956 omnes
1427 906 1640 971 ipsorum
1655 921 1768 972 pos-

358 988 613 1045 sessiones,
649 986 695 1034 in
731 1001 877 1051 regno
909 982 1102 1034 Francie
1134 982 1412 1042 existentes,
1447 982 1769 1049 Hospitalariis

357 1062 660 1121 conterende,
693 1061 753 1111 ab
786 1061 900 1126 ipsis
924 1065 1156 1126 perpetuo
1190 1059 1499 1125 possidendas
1521 1066 1572 1109 et
1592 1059 1654 1110 ab
1675 1059 1768 1110 eis-

359 1141 486 1199 dem,
516 1156 603 1205 per
634 1139 847 1204 ipsorum
875 1136 1167 1202 presenciam
1191 1135 1506 1201 corporalem,
1537 1135 1586 1187 in
1611 1135 1767 1187 nub-i-

358 1217 488 1267 dium
506 1220 648 1266 Terre
672 1217 839 1265 Sancte
872 1213 1173 1279 perhenniter
1203 1211 1549 1263 convertendas
1567 1218 1618 1263 et
1637 1226 1770 1263 com-

358 1297 574 1358 petenter
597 1289 981 1356 expendendas⁴.

422 1372 542 1419 Dum
561 1373 717 1417 autem
733 1364 1045 1424 Edowardus‚
1059 1381 1147 1415 rex
1164 1364 1346 1432 Anglie,
1365 1364 1621 1415 essetcitra
1636 1380 1768 1416 nime

357 1463 447 1513 pro
463 1444 792 1512 desponsanda
807 1460 958 1494 uxore
970 1460 1073 1502 sua,
1089 1442 1281 1493 interim
1298 1442 1535 1493 Robertus
1550 1441 1612 1492 de
1626 1445 1766 1502 Brut,

357 1542 444 1574 rex
472 1523 645 1580 Scede,
675 1522 800 1588 cepit
830 1528 879 1572 ct
909 1520 1167 1587 prostravit
1196 1520 1355 1570 omnia
1381 1526 1537 1571 castra
1558 1536 1654 1586 que
1682 1536 1769 1570 rex

358 1600 670 1659 Edowardus,
698 1605 833 1665 pater
855 1599 995 1662 hujus
1029 1598 1156 1664 regis
1179 1597 1344 1664 Anglie
1370 1596 1620 1657 munierat,
1647 1596 1771 1647 nictit

358 1678 535 1727 dictum
563 1683 637 1726 est
667 1676 816 1741 prius.
848 1678 950 1725 Rex
981 1691 1099 1741 ergo
1129 1674 1312 1740 Anglie,
1345 1690 1455 1724 cum
1482 1674 1574 1724 boc
1603 1672 1765 1734 sciret,

358 1760 642 1821 congregato
671 1753 898 1810 exercitu,
929 1751 1044 1801 abiit
1072 1751 1293 1810 scotiam,
1319 1750 1380 1800 ad
1403 1750 1660 1816 quamdam
1682 1750 1769 1800 vil-

358 1832 452 1880 lam
470 1830 658 1880 nomine
673 1829 946 1888 Streveline‚
964 1828 1044 1878 ubi
1064 1845 1150 1878 rex
1166 1828 1320 1879 Scotie
1335 1827 1616 1895 expectabat
1630 1844 1766 1887 ...ς

357 1908 688 1974 assignatoque
703 1906 797 1964 die,
817 1911 1015 1970 uterque
1034 1922 1139 1964 rex,
1158 1906 1421 1971 preparatis
1439 1905 1630 1956 aciebus
1649 1906 1764 1963 wis,

357 1988 678 2033 convenerunt
701 1983 748 2031 in
770 1998 1010 2047 campum.
1031 1985 1179 2032 Porro
1198 1998 1285 2031 rex
1309 1982 1462 2032 Scotie
1484 1982 1640 2048 primo
1662 1981 1768 2032 loco

358 2060 474 2109 exiit
514 2058 662 2124 pedes
709 2074 820 2108 cum
866 2057 1016 2108 Scotis
1058 2057 1352 2108 silvestdbus
1394 2064 1444 2107 et
1488 2057 1768 2124 expectabat

358 2152 521 2202 regem
537 2135 727 2201 Anglie,
714 2153 725 2163 ·
748 2141 944 2200 eratque
958 2133 1152 2184 indutus
1171 2141 1304 2184 veste
1320 2134 1461 2183 viridi
1476 2150 1768 2201 superarum

359 2230 458 2262 sua.
495 2215 689 2262 Fecerat
727 2211 922 2276 insuper
952 2210 1126 2260 armari
1160 2211 1415 2275 quemdam
1448 2211 1596 2261 filium
1627 2227 1767 2262 suum

359 2288 634 2338 bastardum
663 2288 809 2337 armis
835 2287 934 2337 suis
958 2287 1195 2353 regalibus
1219 2293 1268 2336 et
1295 2304 1404 2337 cum
1428 2288 1518 2337 hoc
1539 2286 1767 2339 Edowar-

360 2365 475 2414 dum
490 2365 551 2415 de
566 2369 703 2423 BruS,
724 2365 919 2414 fratrem
931 2380 1088 2422 suum,
1107 2364 1414 2414 senescallum
1430 2365 1600 2424 Scotie,
1617 2366 1766 2416 comi-

359 2448 456 2490 tem
480 2442 540 2491 de
563 2445 756 2491 Mourne
779 2447 828 2491 et
851 2441 1096 2491 dominum
1118 2441 1376 2492 Johannem
1399 2441 1589 2508 Duglas.

409 2576 442 2611 1.
463 2574 525 2612 On
550 2575 610 2623 lit,
635 2575 733 2612 dans
757 2575 795 2613 le
822 2573 1040 2612 manuscrit
1067 2574 1208 2623 auquel
1234 2580 1295 2612 est
1319 2575 1524 2624 emprunte
1542 2575 1579 2613 le
1602 2576 1761 2625 present

360 2638 465 2671 texte
486 2638 595 2682 (page
613 2634 779 2682 24410r),
801 2645 866 2672 ces
886 2638 1003 2680 motu,
1022 2633 1140 2672 ecrite
1159 2634 1183 2670 a
1202 2644 1279 2671 une
1293 2633 1381 2671 date
1395 2644 1505 2672 assez
1522 2633 1760 2683 posterieure

361 2693 383 2728 ὁ,
402 2693 440 2729 la
459 2693 567 2741 copie
591 2692 643 2730 du
667 2693 914 2731 manuscrit:
937 2691 1077 2730 «Vide
1104 2692 1198 2742 quid
1225 2693 1319 2731 dicit
1341 2693 1545 2731 Johannos
1569 2693 1758 2740 Βοωεῇ,

400 2751 442 2787 in
461 2751 557 2788 libro
575 2754 618 2788 do
636 2754 779 2790 casibus
797 2755 967 2790 virorum
985 2754 1209 2796 illustrium,
1226 2752 1302 2789 de
1291 2753 1378 2790 1ist1s
1395 2751 1641 2800 Templariis,
1653 2751 1758 2801 ipsos

363 2824 379 2844 α
401 2811 783 2858 quammultipliciter
800 2810 1036 2849 excusando.
1060 2825 1078 2845 ι
