1838 3164
131 294 345 344 imi-¹295]
405 298 782 333 canonocurnu
806 299 961 333 amm(
986 298 1267 334 mecauri.
1496 296 1541 332 47

129 381 230 438 Quo
259 385 448 428 mortuo
485 378 755 446 congregati
789 385 899 427 sunt
930 378 1192 429 cardinales
1223 384 1278 429 ut
1313 378 1543 446 eligerent

127 459 302 521 Papam
332 474 342 504 :
371 457 544 522 quibus
567 472 715 506 unum
736 455 798 504 de
823 471 875 504 se
898 455 1015 520 ipsis
1046 473 1140 505 non
1165 455 1430 507 valentibus
1461 455 1543 506 eli—

0 506 1 510 *
29 578 31 581 ,
125 547 262 598 gere,
299 533 437 584 sedes
463 532 718 599 apostolica
743 531 930 581 vacavit
960 532 1096 581 annis
1123 532 1328 582 duobus.
1363 532 1543 583 Deinde

125 609 383 660 cardinales
412 610 460 659 in
490 609 711 660 conclave
741 609 1022 668 existentes,
1056 610 1165 675 quia
1202 627 1295 659 non
1323 616 1543 676 poterant

124 687 417 746 concordari,
448 686 770 737 submiserunt
798 702 851 736 se
885 692 1048 737 mutue
1083 687 1303 737 eleccioni
1337 687 1542 737 duorum

124 763 186 814 de
210 764 306 814 suis
332 763 665 823 cardinalibus,
693 763 913 814 videlicet
935 766 1078 814 Petro
1110 764 1172 814 de
1202 764 1461 830 Columpna
1494 771 1543 814 et

122 840 372 891 Benedicto
397 841 591 907 Gaytani
615 859 626 891 ε
648 842 730 907 qui
754 841 850 892 duo
869 842 1008 892 simul
1025 841 1271 909 elegerunt
1286 842 1542 908 quemdam

121 917 399 968 heremitam
424 919 685 969 latitantem
709 920 758 969 in
788 919 920 970 silvis
944 919 1081 986 juxta
1109 922 1327 979 Romam,
1362 919 1540 969 dictum

120 995 312 1044 Petrum
336 995 398 1045 de
415 996 638 1055 Risimus,
661 996 743 1062 qui
768 1002 871 1046 erat
888 997 1033 1046 homo
1049 996 1251 1046 multum
1271 996 1473 1062 simplex
1494 1003 1542 1045 et

120 1071 319 1132 inscius;
354 1073 606 1139 statimque
636 1073 960 1124 clamaverunt
996 1091 1007 1122 ε
1047 1092 1069 1120 ι
1108 1077 1321 1123 Fratrem
1350 1075 1541 1123 Petrum

119 1147 182 1198 de
204 1150 410 1200 Mairone
434 1150 663 1218 elegimus
687 1149 735 1200 in
763 1150 986 1217 Papam¹.
1021 1170 1043 1198 ι
1070 1154 1199 1201 Tunc
1229 1166 1346 1218 ergo
1369 1166 1541 1219 magna

119 1225 371 1277 multitudo
395 1227 608 1293 perrexit
634 1227 695 1278 ad
719 1228 998 1277 heremitam
1020 1233 1069 1277 et.
1091 1227 1326 1278 adductus
1350 1234 1423 1278 est
1445 1228 1541 1278 sol-

119 1302 337 1354 lemniter
359 1304 603 1371 predictus
623 1305 852 1356 heremita
871 1305 931 1356 ad
950 1305 1184 1372 palacium
1208 1306 1269 1356 de
1288 1310 1535 1365 Laterano,

118 1380 200 1430 ubi
217 1389 518 1432 consecratus
533 1388 607 1432 est
618 1382 666 1431 in
677 1385 852 1448 Papam
860 1387 892 1442 ⁸,
909 1389 958 1433 et
974 1383 1170 1433 alterato
1182 1383 1373 1433 nomine
1385 1383 1540 1433 Celes-

117 1458 261 1518 tinus,
290 1459 428 1526 hujus
453 1459 656 1510 nominis
687 1460 898 1525 quintus,
929 1466 1141 1510 vocatus.
1177 1460 1261 1511 Hic
1291 1477 1386 1509 non
1418 1461 1539 1511 mul-

116 1540 219 1584 tum
243 1542 369 1601 post,
393 1536 670 1587 inconsultis
693 1536 1025 1595 cardinalibus,
1054 1536 1244 1602 papatui
1270 1535 1445 1594 officio,
1467 1537 1537 1586 uti

117 1610 355 1678 indignus,
379 1618 550 1679 sponte
567 1614 829 1679 resignans,
849 1612 919 1661 sui
935 1612 1176 1661 voluntate
1192 1627 1247 1660 ac
1259 1613 1532 1677 precepto³,

116 1689 362 1754 predictus
385 1689 632 1739 cardinalis
662 1689 944 1740 Benedictus
974 1689 1188 1755 Gaytani,
1222 1695 1387 1737 contra
1411 1694 1538 1738 cete-

115 1781 283 1816 rorum
310 1765 618 1816 cardinalium
649 1766 964 1824 voluntatem,
999 1768 1124 1831 Papa
1156 1765 1460 1815 substituitur
1488 1770 1536 1814 ct

115 1843 405 1903 Bonet‘acius,
433 1842 571 1910 hujus
596 1843 798 1893 nominis
820 1848 1035 1900 octavus,
1064 1842 1382 1892 nominatur⁴.

179 1923 355 1972 Verum
377 1921 579 1988 Karolus
600 1937 760 1971 comes
783 1921 951 1973 valesii
969 1925 1409 1986 supramemoratus
1427 1924 1535 1969 ante

114 1997 424 2066 Burdegalam
449 1998 662 2057 veniens,
690 1997 812 2048 illico
834 1998 964 2048 cives
988 1997 1299 2047 reddiderunt
1328 1997 1372 2046 ei
1402 2014 1456 2047 se
1486 2003 1535 2046 et

114 2080 352 2132 civitatem
378 2099 530 2132 suam.
559 2082 742 2132 Exinde
766 2086 1007 2132 commoto
1031 2081 1259 2139 exercitu,
1291 2086 1400 2130 ante
1431 2080 1534 2130 Bla-

113 2157 239 2208 viam
264 2165 471 2211 castrum
495 2159 717 2218 accessit3
746 2159 831 2210 sed
856 2159 967 2226 quia
991 2158 1256 2226 burgenses
1275 2163 1534 2208 renuerunt

114 2236 299 2301 aperire
317 2243 524 2287 castrum
543 2254 683 2287 suum
707 2242 756 2286 et
776 2236 972 2287 obedire
996 2236 1231 2302 Philippo,
1261 2235 1364 2303 regi
1388 2238 1534 2285 Fran-

116 2328 304 2373 corum,
343 2313 452 2364 flxis
490 2314 730 2374 tentoriis,
770 2319 978 2364 castrum
1019 2312 1209 2363 obsedit
1243 2319 1292 2363 et
1330 2312 1533 2362 diversis

164 2437 200 2474 ι.
221 2436 243 2474 5
259 2435 388 2486 Juiuet
407 2437 512 2477 1294.

161 2494 199 2533 2.
219 2494 266 2533 29
285 2497 378 2535 sont
397 2497 505 2535 1294.

163 2553 200 2591 3.
220 2553 391 2593 calestin
410 2555 447 2592 V
467 2555 633 2606 abdiqua
657 2556 694 2593 le
720 2555 765 2593 13
790 2555 997 2593 decembre
1024 2554 1128 2592 1294.
1149 2573 1199 2584 —
1221 2554 1299 2592 Las
1323 2556 1531 2593 Anoienm

115 2613 333 2660 chronique„
360 2615 403 2651 de
426 2615 585 2653 Flandrs
617 2616 777 2664 (Hister.
803 2616 846 2652 ds
871 2616 948 2659 Fr„
976 2619 1005 2651 t.
1035 2613 1182 2658 XXII,
1211 2624 1250 2662 p.
1278 2613 1349 2652 350
1373 2620 1413 2652 et
1442 2614 1529 2662 351)

115 2669 291 2710 donnent
310 2671 378 2710 des
397 2671 535 2712 details
558 2674 640 2713 tros
658 2673 890 2723 developpss
909 2679 948 2711 et
967 2673 1164 2712 d’aillsurs
1182 2673 1266 2711 tres
1284 2672 1379 2711 faux
1397 2673 1445 2711 de
1469 2678 1531 2712 cet

116 2730 408 2889 dsffntlisifflgce
428 2791 527 2831 VIII
544 2792 602 2832 fut
620 2794 685 2832 elu
705 2793 740 2831 le
758 2793 806 2832 24
825 2792 1031 2832 decembre
1051 2791 1143 2831 1294
1165 2798 1205 2832 et
1219 2792 1330 2830 sacre
1350 2791 1387 2830 le
1406 2791 1428 2830 2
1445 2791 1531 2841 jan·

121 2860 201 2888 vuer
318 2880 326 2888 .
