1838 3164
0 188 3 234 Ι

0 238 2 279 Ι

141 309 245 359 1296]
414 314 785 348 cunouomupma
810 314 964 348 ntem!
989 313 1269 348 muconmu.
1497 311 1541 348 53

136 394 209 444 lus
231 393 438 443 hostium
460 394 696 459 apparuit.
727 395 958 442 Numerus
987 398 1285 442 mortuorum
1309 398 1412 442 erat
1437 409 1546 458 sep-

134 471 498 537 tingentorum¹.
521 470 733 521 Prefatus
753 485 870 519 vero
886 485 1047 518 comes
1065 470 1270 520 Arthesii
1290 471 1417 521 venit
1430 473 1549 520 Bur-

63 585 66 588 «
135 547 350 614 degalam
373 554 422 598 et
442 547 599 597 statim
621 546 803 604 civitas,
825 562 934 595 cum
950 551 1049 595 tota
1068 547 1311 605 vasconia,
1333 547 1549 597 restituta

136 631 208 674 est
232 625 338 684 sibi,
362 625 466 674 loco
488 623 616 690 regis
638 622 876 672 Francie².
954 687 960 694 .

203 701 354 752 Guido
384 701 542 766 itaque
574 716 735 750 comes
766 699 1087 758 Flandrensis,
1122 700 1242 749 sicut
1271 700 1449 750 dictum
1479 706 1552 750 est

138 795 299 844 supra,
337 777 426 827 sub
455 776 712 826 fortissima
743 776 958 826 cautione
995 775 1143 825 exivit
1173 776 1234 826 de
1264 776 1552 842 prisionibus

136 854 264 921 regis
287 853 478 904 Francie
501 852 719 919 Philippi.
746 855 865 902 Nam
889 852 938 901 in
970 852 1206 902 sentencia
1230 853 1554 902 excommuni-

137 929 331 980 cationis
370 945 422 979 se
461 928 780 996 obligaverat,
823 928 871 977 in
917 945 1011 994 qua
1047 944 1208 979 comes
1246 928 1449 978 Thomas
1492 928 1553 978 dc

137 1005 368 1058 Sabaudia
391 1011 440 1055 et
463 1005 703 1056 comitissa
729 1005 944 1056 Jobanna
970 1005 1084 1055 olim
1117 1005 1164 1055 in
1196 1005 1327 1055 curia
1358 1022 1553 1055 romana

137 1100 189 1134 se
211 1082 552 1149 obligaverant,
581 1082 757 1132 scilicet
780 1082 910 1147 quod
928 1074 968 1131 si
988 1081 1162 1132 amodo
1179 1081 1462 1132 rebellarent
1478 1083 1553 1131 vel

136 1175 434 1210 successores
458 1175 626 1210 eorum
649 1159 751 1226 regi
776 1162 1065 1209 Francorum
1089 1175 1174 1209 seu
1191 1159 1295 1226 ejus
1311 1175 1555 1211 successo-

136 1237 270 1287 ribus
306 1235 497 1303 regibus
535 1240 849 1295 Francorum,
892 1236 1128 1286 sentencia
1176 1236 1554 1287 excommunica-

137 1314 286 1364 cionis
318 1313 572 1363 ferirentur
601 1319 651 1363 et
681 1313 1023 1363 nichillominus
1056 1319 1156 1363 tota
1182 1318 1310 1363 terra
1342 1330 1428 1364 sua
1464 1314 1554 1363 sub

137 1390 388 1441 interdicto
411 1396 686 1456 poneretur.
713 1394 772 1441 Et
789 1391 1013 1456 quoniam
1031 1390 1171 1441 sedes
1188 1394 1396 1440 Romana
1415 1391 1555 1440 nimis

137 1468 340 1518 distabat
365 1485 393 1517 a
417 1484 584 1534 regno,
612 1467 848 1518 Honorius
872 1471 998 1533 Papa
1017 1468 1180 1517 statuit
1197 1473 1475 1517 executores
1492 1467 1553 1516 ad

137 1545 517 1612 cognoscendum
562 1561 707 1611 super
743 1544 1010 1610 hujusmodi
1050 1544 1387 1594 rebellionibus
1420 1544 1554 1594 Flan-

138 1621 403 1678 drensium,
437 1620 844 1687 archiepiscopum
882 1624 1163 1671 Remensem
1195 1627 1243 1669 et
1276 1621 1554 1686 episcopum

138 1699 574 1749 silvanectensem⁸.
602 1700 661 1747 Et
685 1698 845 1756 etiam,
873 1714 965 1747 una
984 1714 1094 1747 cum
1118 1698 1226 1756 hoc,
1244 1698 1421 1764 juravit
1445 1716 1556 1765 pre-

138 1775 292 1826 dictus
315 1774 467 1826 Guido
495 1790 673 1832 comes,
709 1774 838 1840 quod
868 1774 1043 1824 amodo
1074 1775 1250 1825 nullam
1281 1775 1557 1825 consedera-

137 1852 322 1903 cionem
346 1852 521 1903 faceret
539 1867 648 1901 cum
669 1851 940 1902 Edowardo
959 1868 1071 1919 rege
1090 1852 1255 1918 Anglie
1274 1868 1428 1918 neque
1447 1870 1555 1902 cum

138 1929 240 1980 aliis
262 1928 637 1995 quibuscumque
668 1928 869 1978 inimicis
899 1929 1032 1995 regni
1066 1929 1276 1979 Francie.
1310 1932 1378 1979 Eo
1414 1930 1558 1997 igitur

137 2006 185 2057 in
207 2011 386 2057 terram
409 2022 543 2058 suam
568 2021 782 2064 reverso,
810 2005 984 2055 multas
1011 2011 1259 2071 requestas
1283 2023 1372 2072 per
1396 2007 1558 2071 plures

139 2083 375 2150 principes
406 2089 455 2132 et
483 2082 692 2150 prelatos
726 2082 836 2132 fecit
865 2082 1083 2158 Philippo
1113 2083 1212 2149 regi
1247 2087 1553 2142 Francorum,

187 2209 221 2247 1.
243 2208 347 2247 G’est
366 2219 411 2248 ce
430 2209 566 2247 chistre
586 2207 784 2247 d’aill'eurs
802 2208 933 2246 donne
952 2208 1051 2246 dans
1071 2208 1244 2247 l'edition
1263 2209 1332 2247 des
1350 2212 1557 2249 Aneionna

140 2269 358 2316 oliv-onmes
381 2270 425 2306 da
449 2269 620 2312 mandre,
651 2278 722 2316 par
750 2267 946 2316 Sauvage,
966 2268 1033 2317 qui
1063 2273 1123 2306 est
1142 2273 1270 2306 exact.
1294 2268 1486 2307 L’edition
1510 2270 1558 2308 de

141 2324 194 2365 M.
216 2326 264 2365 de
281 2326 433 2377 Wainy
452 2327 560 2376 ραι-10
580 2326 627 2364 de
649 2327 758 2374 3:100
777 2332 914 2364 morts.

187 2385 224 2423 2.
245 2384 356 2424 Getta
373 2385 531 2424 bataillo
556 2390 616 2423 est
642 2386 723 2423 tros
751 2386 1073 2423 sommairement
1094 2386 1279 2423 racontee
1297 2397 1368 2435 par
1387 2386 1424 2423 la
1443 2387 1557 2424 Chro-

142 2445 254 2491 m‘qus
272 2443 319 2482 de
332 2443 555 2483 Guillaume
569 2444 617 2482 dc
630 2443 783 2493 Nangis
797 2446 837 2488 (t.
855 2444 888 2492 1,
903 2456 939 2492 p.
955 2445 1038 2488 295)
1051 2450 1091 2482 et
1105 2445 1246 2493 parles
1259 2445 1422 2483 Grandes
1441 2447 1557 2484 Chro-

141 2503 271 2548 niquos
291 2503 331 2549 (t.
353 2501 404 2550 V,
422 2514 460 2552 p.
485 2503 581 2550 116).

191 2559 226 2597 3.
247 2559 301 2597 Μ.
321 2559 369 2598 de
387 2561 539 2611 Wailly
564 2563 714 2606 (Hister.
741 2563 784 2599 do
811 2563 886 2607 Fr„
915 2567 943 2599 t.
973 2561 1111 2609 XXII,
1133 2573 1170 2611 p.
1199 2562 1284 2610 358,
1311 2575 1350 2601 n.
1380 2565 1415 2612 3)
1440 2576 1464 2602 a
1490 2566 1558 2603 tait

143 2628 370 2667 roman-quer
388 2618 503 2668 qu‘en
521 2620 613 2658 οσον,
631 2619 832 2658 Honorius
847 2619 905 2657 111
925 2620 1030 2657 avait
1043 2619 1173 2658 donne
1187 2626 1289 2659 cette
1304 2623 1557 2661 commission

143 2676 167 2714 ὸ.
186 2688 252 2715 ces
271 2676 381 2714 deux
391 2677 555 2726 prelum
576 2684 616 2717 et
634 2679 751 2728 qu'en
775 2679 866 2717 1297
893 2684 981 2716 tous
1011 2678 1113 2717 deux
1142 2680 1415 2730 s'appuyerent
1434 2693 1503 2719 sur
1521 2683 1557 2720 le

145 2735 340 2785 dispositis
359 2735 406 2773 de
433 2737 471 2774 la
497 2737 601 2775 bullo
625 2749 725 2786 pour
751 2738 938 2787 procedet
965 2743 1102 2777 contre
1129 2739 1205 2777 Gui
1236 2740 1284 2778 de
1313 2740 1553 2790 Dampierre.

147 2794 220 2841 (Cf.
242 2795 363 2832 Areh.
386 2800 485 2843 nat„
504 2795 528 2832 J
542 2796 626 2843 543,
644 2807 681 2845 p.
703 2796 756 2843 9.)
