1838 3164
348 254 413 291 136
618 252 987 287 cunonomuruu
1017 252 1168 285 RBGUU
1195 251 1472 285 macutum.
1640 247 1744 294 [ἱωῧ

344 335 639 384 obsidionem
664 332 868 382 solveret
886 337 934 381 et
953 331 1219 396 Flamingos
1241 345 1350 380 cum
1374 329 1593 380 omnibus
1615 330 1747 379 auxi-

345 410 584 460 liatoribus
607 414 918 475 expugnaret,
945 408 1074 457 venit
1099 411 1370 457 perronam.

405 486 495 537 Sed
533 491 730 552 propter
761 485 873 544 hoc,
913 490 966 534 ut
998 483 1294 541 credebatur,
1331 482 1457 549 apud
1494 485 1747 533 Permnain

342 564 573 621 veniente,
607 563 763 613 visum
792 569 865 612 est
899 568 1128 612 mutatum
1167 562 1308 611 fuisse
1342 559 1587 611 consilium
1616 560 1745 627 ἠως

341 657 447 690 nam
477 639 605 689 misit
626 638 847 689 comitem
874 637 1106 688 Sabaudie
1129 643 1237 687 ante
1262 640 1525 686 ‘rom-cum
1549 636 1596 686 in
1619 635 1748 687 obsi-

337 716 476 766 dione
501 715 868 781 Flamingorum,
897 714 956 763 ad
983 713 1250 764 babendum
1279 720 1472 779 treugas
1495 728 1605 762 cum
1626 711 1745 762 cis&

339 793 423 853 Qui
448 798 629 843 tantum
653 792 871 842 tractavit
892 806 1000 840 cum
1024 791 1094 840 eis
1112 791 1239 857 quod
1262 795 1595 840 concesserunt
1620 795 1748 840 tinu-

337 886 422 936 gas
439 886 526 936 per
544 869 739 919 modum
757 868 838 933 qui
858 868 1205 933 suprascriptus
1223 874 1312 916 est.
1332 867 1510 927 Quibus
1527 865 1744 924 firmatis,

336 947 397 996 ab
421 945 667 996 obsidione
698 950 995 994 recesserunt
1026 949 1075 993 et
1103 944 1170 993 sic
1198 944 1395 1009 quilibet
1419 943 1481 993 de
1512 941 1748 992 nobilibus

335 1023 394 1073 ad
428 1022 689 1073 custodiam
723 1037 874 1080 suam,
909 1020 1126 1071 videlicet
1159 1020 1355 1078 Insulas,
1383 1024 1592 1070 Duacum
1622 1025 1673 1069 et
1700 1019 1748 1069 in

334 1099 434 1149 aliis
458 1099 595 1148 bonis
612 1098 734 1148 villis
753 1097 967 1148 Flandrie
987 1097 1229 1147 redierunt
1245 1103 1294 1146 et
1313 1096 1518 1161 quelibet
1533 1111 1747 1145 οοιιιιιιι-

335 1174 410 1224 nie
449 1173 663 1223 similiter
693 1173 753 1222 ad
788 1173 983 1238 propria
1019 1188 1210 1222 reverse
1243 1178 1369 1222 sunt.
1403 1174 1461 1221 Et
1492 1171 1632 1238 luijus
1658 1170 1747 1222 tuit

334 1266 472 1300 causa
496 1250 774 1299 accessionis
803 1250 937 1299 istius
968 1250 1095 1316 regis
1118 1248 1315 1315 Philippi
1338 1248 1468 1315 apud
1491 1251 1746 1299 Pei-rom

334 1329 424 1377 ista
445 1327 565 1385 vice,
594 1326 714 1376 sicut
738 1326 932 1391 quidam
954 1325 1134 1375 dicunt.

318 1427 320 1443 ι
398 1404 485 1453 Alii
509 1418 625 1453 vero
648 1402 842 1452 tradunt
872 1402 1003 1468 quod
1028 1402 1139 1468 quia
1162 1401 1329 1451 civitas
1354 1400 1661 1452 'tornacensis
1685 1418 1747 1452 eo

319 1464 445 1531 ¹tunc
471 1486 573 1530 erat
601 1479 819 1530 debiliter
846 1479 1073 1538 murata²,
1107 1479 1376 1545 prepositus
1405 1477 1619 1544 ejusdem
1654 1493 1747 1544 pro

335 1555 562 1606 habendis
593 1555 809 1614 induciis,
848 1555 978 1604 dedit
1010 1555 1260 1620 Flamingis
1294 1569 1514 1620 magnam
1547 1555 1746 1620 pemm'e

252 1624 257 1633 ‘
279 1623 282 1625 Α
333 1648 596 1682 summam:
619 1632 754 1698 cujus
770 1647 909 1681 causa
927 1630 1071 1680 iidem
1085 1630 1256 1690 allecti,
1279 1630 1527 1681 confestim
1541 1630 1603 1681 ab
1617 1629 1747 1681 obui-

333 1709 474 1759 dione
507 1715 804 1758 recesserunt
837 1714 886 1757 et
915 1707 1123 1773 prefatas
1151 1707 1364 1757 inducias
1389 1713 1742 1758 concentuum.

333 1785 510 1846 Quibus
539 1785 709 1835 habitis
741 1788 790 1833 et
815 1783 926 1834 inde
950 1784 1120 1834 litteris
1149 1783 1391 1842 confectis,
1427 1786 1745 1834 Tormcenses

331 1861 611 1927 quantocius
627 1861 785 1910 villam
811 1876 945 1910 suam
963 1861 1111 1910 muris
1135 1865 1183 1909 et
1204 1860 1416 1911 turribus
1436 1866 1535 1910 tam
1559 1861 1746 1911 sortiter

329 1944 378 1988 et
402 1943 499 1987 tam
531 1937 750 1986 nobiliter
773 1937 1106 1996 firmaverunt,
1134 1936 1263 2003 quod
1289 1954 1383 1987 non
1409 1943 1482 1986 est
1505 1937 1671 1989 civitas
1692 1938 1742 1988 in

330 2018 432 2060 toto
456 2028 604 2078 regno
629 2015 917 2061 Francorum
940 2028 1033 2077 que
1057 2011 1372 2077 pulcritudine
1395 2018 1445 2060 et
1468 2011 1743 2063 fortitudine

329 2105 575 2138 murorum
597 2094 645 2137 et
668 2088 871 2138 turrium
895 2088 1050 2138 eidem
1071 2089 1223 2138 valeat
1247 2089 1531 2154 equiparari.
1555 2092 1614 2138 Et
1630 2105 1743 2154 pro-

330 2166 453 2214 fecto
487 2172 742 2230 utrumque
774 2182 879 2215 esse
912 2165 1067 2231 potuit
1094 2171 1143 2214 et
1165 2165 1227 2215 de
1257 2165 1479 2215 missione
1511 2182 1572 2216 ex
1603 2171 1741 2232 parte

324 2242 456 2308 >regis
479 2242 539 2291 ad
565 2242 846 2309 Flamingos,
874 2246 924 2291 et
946 2242 1007 2292 de
1037 2243 1234 2308 pecunia
1259 2243 1623 2293 Tornacensium
1648 2242 1743 2293 eis—

329 2318 440 2367 dem
465 2319 635 2368 tradita
653 2335 744 2384 pro
761 2318 961 2368 induciis
979 2324 1028 2367 et
1051 2334 1218 2368 eorum
1241 2318 1502 2368 obsidionis
1525 2318 1740 2369 celeriori

330 2412 535 2445 recessu.

378 2547 411 2584 1.
433 2546 543 2584 Dans
562 2551 664 2584 cette
684 2547 851 2586 seconde
866 2547 1036 2595 version,
1050 2547 1079 2586 il
1098 2559 1126 2585 n
1130 2547 1200 2585 'est
1219 2549 1305 2596 plus
1325 2548 1506 2597 question
1524 2548 1572 2586 de
1590 2548 1735 2588 mmor-

330 2605 494 2643 vention
513 2605 564 2642 du
586 2611 713 2644 comte
731 2605 768 2643 d’
769 2605 828 2643 Ev
830 2616 940 2643 reux.

376 2663 412 2699 2.
434 2664 498 2700 Au
513 2669 626 2701 contr
606 2664 722 2711 taire,
734 2664 790 2702 les
799 2666 963 2702 Annales
978 2664 1335 2711 Gandemes(Pertz‚
1346 2665 1529 2712 Scriptura
1511 2677 1559 2709 σῃ
1571 2671 1601 2702 t.
1617 2665 1732 2711 xvl,

330 2732 366 2768 p.
389 2722 470 2764 578)
487 2722 615 2760 disent
634 2722 681 2771 de
699 2723 784 2760 Tou
759 2723 902 2760 urnai
894 2751 902 2758 .
927 2721 1068 2767 «Quia
1087 2722 1298 2760 fortissima
1316 2728 1412 2761 erat.
1438 2736 1454 2758 ι
