1838 3164
101 286 206 334 1288]
377 284 749 322 GRRONOGRAPfflA
774 283 928 317 amm(
952 281 1232 316 chonmt.
1460 275 1505 312 33

98 365 390 433 perspiciens
414 365 483 415 sie
512 368 717 430 aptatos,
748 376 948 411 uxorem
978 375 1113 409 suam
1142 365 1192 407 et
1220 356 1506 407 comitissam

97 443 330 501 Hanonie,
369 458 463 507 que
501 442 672 490 fratres
707 454 820 487 suos
854 436 1205 494 sustentabant,
1250 433 1508 484 seeundum

97 519 366 570 extremum
380 534 539 584 posse,
558 515 788 565 allocutus
807 519 881 564 est
904 530 915 561 :
935 511 1183 561 affectabat
1201 512 1328 561 enim
1344 526 1511 577 pacem

96 613 362 662 apponere,
401 592 626 660 quoniam
661 591 875 656 ipsarum
909 588 1105 639 consilio
1142 587 1315 637 fratres
1347 603 1512 637 earum

96 673 298 724 multum
317 664 586 722 utebantur.
613 667 698 719 Cui
716 666 841 717 dicte
860 665 1098 716 comitisse
1123 664 1474 728 responderunt
1497 682 1506 712 :

101 770 123 796 ι
153 748 373 806 Domine,
413 761 579 796 amore
614 744 784 796 Christi
829 737 924 793 non
963 741 1285 792 intromittatis
1324 758 1411 790 vos
1452 741 1513 791 de

98 842 214 892 pace
231 822 493 883 tractanda,
515 821 740 888 quoniam
763 826 953 886 tempus
968 819 1059 869 hoe
1079 836 1172 868 non
1196 817 1371 884 exigit3
1396 834 1515 866 non-

97 901 214 953 dum
249 901 377 952 enim
404 905 515 951 sunt
543 899 650 950 fabe
676 897 906 949 mature¹.
949 917 970 942 ι
1001 899 1105 957 Quo
1133 894 1319 954 audito,
1356 910 1517 944 comes

97 978 259 1029 tacuit.

161 1059 381 1107 Preterea
398 1060 600 1120 uterque
615 1052 852 1103 exercitus
868 1050 1084 1102 ordinate
1098 1049 1331 1117 processit
1345 1048 1518 1099 adver-

95 1150 180 1187 sus
211 1133 438 1192 alterum,
479 1131 726 1197 utriusque
763 1130 912 1196 partis
948 1128 1133 1178 vexillis
1172 1126 1513 1194 previantibus.

2 1253 11 1262 .
99 1210 277 1272 Quibus
296 1209 487 1277 junctis,
512 1208 688 1259 durum
711 1205 889 1257 bellum
912 1210 961 1256 et
983 1205 1119 1256 valde
1144 1220 1367 1271 asperum
1390 1219 1520 1253 com-

98 1286 301 1337 mittitur
317 1286 440 1336 inter
454 1285 582 1343 eos²;
604 1283 845 1349 multaque
864 1283 1039 1335 cadunt
1056 1281 1166 1333 hinc
1185 1288 1235 1332 et
1252 1281 1363 1332 inde
1381 1280 1520 1331 cada-

98 1379 212 1413 vera
241 1367 558 1420 mortuorum,
590 1366 639 1410 et
669 1360 784 1411 dum
815 1359 895 1409 tali
922 1358 1067 1410 modo
1091 1358 1175 1408 diu
1199 1358 1515 1415 decertarent,

99 1440 252 1491 adhuc
279 1439 427 1505 prelio
462 1438 675 1489 nundum
705 1437 864 1494 finite,
900 1453 1061 1486 comes
1095 1434 1520 1501 Lucemburgensis

99 1516 400 1568 adversarios
423 1515 642 1565 tollerare
663 1531 759 1564 non
785 1513 965 1572 valens,
987 1512 1069 1578 qui
1095 1529 1183 1578 per
1202 1529 1286 1562 eos
1304 1511 1522 1561 commit-

99 1594 321 1645 tebantur
340 1593 388 1643 in
412 1593 553 1652 bello,
575 1597 740 1642 contra
756 1607 840 1641 eos
861 1606 1038 1655 equum
1057 1606 1196 1639 suum
1214 1588 1401 1638 fortiter
1414 1605 1522 1638 coe-

99 1671 171 1739 git
205 1671 470 1728 incursum,
516 1687 543 1719 a
582 1686 678 1734 quo
718 1667 928 1735 dejectus
966 1667 1015 1717 in
1058 1674 1260 1725 terram,
1304 1666 1522 1732 protinus

102 1747 354 1814 expiravit.
402 1750 460 1797 Et
507 1762 779 1811 quanquam
828 1761 989 1795 comes
1035 1743 1220 1795 Guelrie
1261 1743 1521 1793 exercitum

102 1841 301 1877 numero
326 1823 578 1874 forciorem
597 1822 810 1879 haberet,
832 1821 936 1888 ejus
958 1827 1116 1871 tamen
1135 1821 1393 1871 adversarii
1413 1837 1523 1885 pre-

12 1959 14 1962 ·
102 1902 350 1953 valuerunt
371 1906 420 1951 et
444 1900 585 1951 occisi
610 1905 720 1950 sunt
747 1906 847 1949 tres
870 1898 953 1948 filii
981 1899 1041 1949 de
1062 1898 1389 1964 Lucemburgo
1414 1914 1523 1947 cum

102 1979 261 2031 multis
291 1978 393 2029 aliis
423 1977 675 2036 militibus;
703 1994 885 2027 necnon
915 1982 1083 2042 captus
1107 1982 1180 2026 est
1209 1975 1524 2042 archiepisco—

103 2073 195 2124 pus
218 2055 522 2107 Coloniensis.
552 2054 729 2105 Deinde
760 2071 921 2104 comes
945 2054 1150 2111 Guelrie‚
1186 2070 1385 2103 cernens
1412 2069 1524 2102 suos

104 2133 388 2191 debilitatos,
410 2132 571 2198 fugam
590 2131 759 2198 elegit;
781 2147 923 2197 quem
945 2130 1096 2181 Guido
1111 2130 1173 2180 de
1189 2132 1362 2179 Sancto
1380 2129 1523 2178 Paulo

104 2226 264 2273 comes
287 2209 547 2276 fugientem
571 2207 880 2274 perspiciens,
908 2223 1018 2256 cum
1037 2206 1258 2256 undecim
1277 2206 1375 2256 suis
1393 2206 1526 2270 equi-

105 2285 233 2336 tibus
255 2284 494 2336 insecutus
525 2291 598 2334 est
628 2300 755 2342 eum,
790 2283 1108 2349 fugiendoque
1137 2282 1295 2348 rapuit
1329 2299 1385 2330 ac
1416 2281 1525 2331 duci

107 2362 362 2414 Brabancie
385 2378 494 2412 cum
517 2361 760 2426 triumpho
784 2360 978 2410 recessit
1001 2376 1056 2408 ac
1081 2359 1254 2425 predas
1279 2358 1456 2408 divisit.

173 2442 320 2489 Porro
342 2438 470 2489 idem
494 2438 592 2488 dux
622 2437 894 2495 Brabancie‚
924 2437 1149 2486 comitatu
1173 2436 1234 2486 de
1258 2435 1525 2502 Lemburgo

109 2515 156 2565 vi
172 2531 415 2567 armorum
431 2515 714 2581 conquisito,
734 2514 842 2564 fecit
861 2514 1119 2579 quartillari
1132 2530 1265 2563 arma
1279 2530 1364 2564 sua
1381 2514 1526 2563 armis

2 2586 19 2639 ,l

161 2652 196 2689 1.
218 2650 276 2688 Cf.
297 2652 502 2689 Anciennos
519 2652 737 2699 chronique-s
756 2652 799 2688 do
818 2652 989 2688 mandre.
1007 2650 1158 2696 (Hister.
1175 2650 1219 2686 do
1237 2650 1313 2692 Fr„
1336 2655 1364 2686 t.
1386 2647 1525 2695 XXII,

113 2721 150 2760 p.
171 2709 270 2754 347.)

161 2769 198 2808 2.
219 2769 276 2807 La
294 2768 452 2806 bataille
473 2768 531 2807 fut
549 2768 669 2807 livree
689 2768 725 2806 le
745 2768 766 2806 5
783 2768 869 2816 juin
890 2768 995 2806 ¹288.

259 2834 273 2866 1
1363 2827 1384 2865 3
