<?xml version="1.0" encoding="UTF-8"?>
<!DOCTYPE html PUBLIC "-//W3C//DTD XHTML 1.0 Transitional//EN"
    "http://www.w3.org/TR/xhtml1/DTD/xhtml1-transitional.dtd">
<html xmlns="http://www.w3.org/1999/xhtml" xml:lang="en" lang="en">
 <head>
  <title>
</title>
<meta http-equiv="Content-Type" content="text/html;charset=utf-8" />
  <meta name='ocr-system' content='tesseract 3.04.00' />
  <meta name='ocr-capabilities' content='ocr_page ocr_carea ocr_par ocr_line ocrx_word'/>
</head>
<body>
  <div class='ocr_page' id='page_1' title='image "./chronographiareg01mora_0223.png"; bbox 0 0 1838 3164; ppageno 0'>
   <div class='ocr_carea' id='block_1_1' title="bbox 90 303 1488 354">
    <p class='ocr_par' dir='ltr' id='par_1_1' title="bbox 90 303 1488 354">
     <span class='ocr_line' id='line_1_1' title="bbox 90 303 1488 354; baseline -0.002 -10"><span class='ocrx_word' id='word_1_1' title='bbox 90 306 194 354; x_wconf 78' lang='grc'>1313]</span> <span class='ocrx_word' id='word_1_2' title='bbox 365 310 745 345; x_wconf 67' lang='grc' dir='ltr'>ΟΗΕΟΝΟΕΜΡΠῘΛ·</span> <span class='ocrx_word' id='word_1_3' title='bbox 761 311 914 344; x_wconf 66' lang='grc' dir='ltr'>ΒΕΕΠΜ</span> <span class='ocrx_word' id='word_1_4' title='bbox 939 310 1218 344; x_wconf 71' lang='grc' dir='ltr'><strong>ΡΜΝΟΟΜῙΠ.</strong></span> <span class='ocrx_word' id='word_1_5' title='bbox 1421 303 1462 342; x_wconf 69' lang='lat'>21</span> <span class='ocrx_word' id='word_1_6' title='bbox 1472 304 1488 341; x_wconf 78' lang='lat' dir='ltr'>l</span> 
     </span>
    </p>
   </div>
   <div class='ocr_carea' id='block_1_2' title="bbox 79 387 1497 2380">
    <p class='ocr_par' dir='ltr' id='par_1_2' title="bbox 81 387 1495 1207">
     <span class='ocr_line' id='line_1_2' title="bbox 87 387 1493 454; baseline -0.003 -15"><span class='ocrx_word' id='word_1_7' title='bbox 87 389 326 454; x_wconf 80' lang='lat' dir='ltr'><strong>Philippus</strong></span> <span class='ocrx_word' id='word_1_8' title='bbox 343 406 429 439; x_wconf 89' lang='lat' dir='ltr'>rex</span> <span class='ocrx_word' id='word_1_9' title='bbox 448 390 638 439; x_wconf 86' lang='lat' dir='ltr'>Francie</span> <span class='ocrx_word' id='word_1_10' title='bbox 655 389 764 439; x_wconf 76' lang='lat' dir='ltr'>fecit</span> <span class='ocrx_word' id='word_1_11' title='bbox 786 389 1013 438; x_wconf 91' lang='lat' dir='ltr'>celebrari</span> <span class='ocrx_word' id='word_1_12' title='bbox 1038 389 1296 438; x_wconf 87' lang='lat' dir='ltr'>maximum</span> <span class='ocrx_word' id='word_1_13' title='bbox 1320 387 1493 436; x_wconf 80' lang='lat' dir='ltr'>festum</span> 
     </span>
     <span class='ocr_line' id='line_1_3' title="bbox 87 465 1492 528; baseline -0.002 -14"><span class='ocrx_word' id='word_1_14' title='bbox 87 466 306 524; x_wconf 87' lang='lat' dir='ltr'>Parisius,</span> <span class='ocrx_word' id='word_1_15' title='bbox 334 466 416 516; x_wconf 91' lang='lat' dir='ltr'>ubi</span> <span class='ocrx_word' id='word_1_16' title='bbox 440 482 604 516; x_wconf 88' lang='lat' dir='ltr'>omnes</span> <span class='ocrx_word' id='word_1_17' title='bbox 633 465 834 515; x_wconf 85' lang='lat' dir='ltr'>barones</span> <span class='ocrx_word' id='word_1_18' title='bbox 863 466 1105 514; x_wconf 83' lang='lat' dir='ltr'>convocati</span> <span class='ocrx_word' id='word_1_19' title='bbox 1134 465 1324 515; x_wconf 77' lang='lat' dir='ltr'>suerunt</span> <span class='ocrx_word' id='word_1_20' title='bbox 1351 468 1492 528; x_wconf 78' lang='lat' dir='ltr'>atque</span> 
     </span>
     <span class='ocr_line' id='line_1_4' title="bbox 86 539 1494 609; baseline -0.003 -18"><span class='ocrx_word' id='word_1_21' title='bbox 86 547 183 591; x_wconf 88' lang='lat' dir='ltr'>tres</span> <span class='ocrx_word' id='word_1_22' title='bbox 213 542 294 591; x_wconf 83' lang='lat' dir='ltr'>filii</span> <span class='ocrx_word' id='word_1_23' title='bbox 320 543 446 609; x_wconf 82' lang='lat' dir='ltr'>regis</span> <span class='ocrx_word' id='word_1_24' title='bbox 474 542 644 592; x_wconf 84' lang='lat' dir='ltr'>milites</span> <span class='ocrx_word' id='word_1_25' title='bbox 670 541 776 591; x_wconf 82' lang='lat' dir='ltr'>facti</span> <span class='ocrx_word' id='word_1_26' title='bbox 806 547 931 591; x_wconf 91' lang='lat' dir='ltr'>sunt.</span> <span class='ocrx_word' id='word_1_27' title='bbox 963 545 1021 591; x_wconf 88' lang='lat' dir='ltr'>Et</span> <span class='ocrx_word' id='word_1_28' title='bbox 1048 548 1181 590; x_wconf 87' lang='lat' dir='ltr'>erant</span> <span class='ocrx_word' id='word_1_29' title='bbox 1209 556 1374 590; x_wconf 85' lang='lat' dir='ltr'>omnes</span> <span class='ocrx_word' id='word_1_30' title='bbox 1402 539 1494 588; x_wconf 83' lang='lat' dir='ltr'>vici</span> 
     </span>
     <span class='ocr_line' id='line_1_5' title="bbox 85 615 1494 683; baseline -0.002 -16"><span class='ocrx_word' id='word_1_31' title='bbox 85 619 288 669; x_wconf 89' lang='lat' dir='ltr'>Parisius</span> <span class='ocrx_word' id='word_1_32' title='bbox 318 619 557 678; x_wconf 86' lang='lat' dir='ltr'>cortinati,</span> <span class='ocrx_word' id='word_1_33' title='bbox 589 618 834 683; x_wconf 68' lang='lat' dir='ltr'>amotique</span> <span class='ocrx_word' id='word_1_34' title='bbox 865 618 1066 667; x_wconf 87' lang='lat' dir='ltr'>barones</span> <span class='ocrx_word' id='word_1_35' title='bbox 1098 617 1316 666; x_wconf 89' lang='lat' dir='ltr'>nobiliter</span> <span class='ocrx_word' id='word_1_36' title='bbox 1344 615 1494 665; x_wconf 88' lang='lat' dir='ltr'>induti</span> 
     </span>
     <span class='ocr_line' id='line_1_6' title="bbox 85 692 1495 745; baseline -0.002 -2"><span class='ocrx_word' id='word_1_37' title='bbox 85 702 134 744; x_wconf 89' lang='lat' dir='ltr'>et</span> <span class='ocrx_word' id='word_1_38' title='bbox 150 696 309 745; x_wconf 90' lang='lat' dir='ltr'>multis</span> <span class='ocrx_word' id='word_1_39' title='bbox 327 695 551 745; x_wconf 77' lang='lat' dir='ltr'>militibus</span> <span class='ocrx_word' id='word_1_40' title='bbox 568 695 800 745; x_wconf 89' lang='lat' dir='ltr'>associati.</span> <span class='ocrx_word' id='word_1_41' title='bbox 823 697 922 744; x_wconf 85' lang='lat' dir='ltr'>Rex</span> <span class='ocrx_word' id='word_1_42' title='bbox 941 700 1099 744; x_wconf 90' lang='lat' dir='ltr'>autem</span> <span class='ocrx_word' id='word_1_43' title='bbox 1119 694 1192 743; x_wconf 90' lang='lat' dir='ltr'>illa</span> <span class='ocrx_word' id='word_1_44' title='bbox 1218 694 1295 743; x_wconf 91' lang='lat' dir='ltr'>die</span> <span class='ocrx_word' id='word_1_45' title='bbox 1319 692 1495 742; x_wconf 80' lang='lat' dir='ltr'>resedit</span> 
     </span>
     <span class='ocr_line' id='line_1_7' title="bbox 85 770 1495 839; baseline -0.003 -19"><span class='ocrx_word' id='word_1_46' title='bbox 85 772 132 821; x_wconf 90' lang='lat' dir='ltr'>in</span> <span class='ocrx_word' id='word_1_47' title='bbox 169 789 354 830; x_wconf 82' lang='lat' dir='ltr'>mensa,</span> <span class='ocrx_word' id='word_1_48' title='bbox 390 772 521 839; x_wconf 79' lang='lat' dir='ltr'>regio</span> <span class='ocrx_word' id='word_1_49' title='bbox 557 772 820 822; x_wconf 85' lang='lat' dir='ltr'>diademate</span> <span class='ocrx_word' id='word_1_50' title='bbox 855 777 1123 822; x_wconf 88' lang='lat' dir='ltr'>coronatus.</span> <span class='ocrx_word' id='word_1_51' title='bbox 1161 775 1211 821; x_wconf 92' lang='lat' dir='ltr'>ln</span> <span class='ocrx_word' id='word_1_52' title='bbox 1248 770 1342 819; x_wconf 85' lang='lat' dir='ltr'>fine</span> <span class='ocrx_word' id='word_1_53' title='bbox 1379 785 1495 817; x_wconf 87' lang='lat' dir='ltr'>vero</span> 
     </span>
     <span class='ocr_line' id='line_1_8' title="bbox 85 846 1495 917; baseline -0.004 -19"><span class='ocrx_word' id='word_1_54' title='bbox 85 849 212 908; x_wconf 87' lang='lat' dir='ltr'>festi,</span> <span class='ocrx_word' id='word_1_55' title='bbox 253 851 427 899; x_wconf 80' lang='lat' dir='ltr'>factum</span> <span class='ocrx_word' id='word_1_56' title='bbox 463 855 536 899; x_wconf 85' lang='lat' dir='ltr'>est</span> <span class='ocrx_word' id='word_1_57' title='bbox 573 866 719 899; x_wconf 90' lang='lat' dir='ltr'>unum</span> <span class='ocrx_word' id='word_1_58' title='bbox 762 865 985 917; x_wconf 84' lang='lat' dir='ltr'>magnum</span> <span class='ocrx_word' id='word_1_59' title='bbox 1026 846 1345 915; x_wconf 86' lang='lat' dir='ltr'>spectaculum</span> <span class='ocrx_word' id='word_1_60' title='bbox 1386 850 1495 893; x_wconf 87' lang='lat' dir='ltr'>ante</span> 
     </span>
     <span class='ocr_line' id='line_1_9' title="bbox 84 921 1495 992; baseline -0.004 -17"><span class='ocrx_word' id='word_1_61' title='bbox 84 926 209 976; x_wconf 83' lang='lat' dir='ltr'>fores</span> <span class='ocrx_word' id='word_1_62' title='bbox 242 926 436 976; x_wconf 73' lang='lat' dir='ltr'>ecclesie</span> <span class='ocrx_word' id='word_1_63' title='bbox 470 925 605 975; x_wconf 85' lang='lat' dir='ltr'>beate</span> <span class='ocrx_word' id='word_1_64' title='bbox 638 926 801 986; x_wconf 80' lang='lat' dir='ltr'>Marie,</span> <span class='ocrx_word' id='word_1_65' title='bbox 839 926 885 975; x_wconf 91' lang='lat' dir='ltr'>in</span> <span class='ocrx_word' id='word_1_66' title='bbox 921 942 1017 992; x_wconf 92' lang='lat' dir='ltr'>quo</span> <span class='ocrx_word' id='word_1_67' title='bbox 1049 942 1135 975; x_wconf 88' lang='lat' dir='ltr'>rex</span> <span class='ocrx_word' id='word_1_68' title='bbox 1167 929 1216 974; x_wconf 89' lang='lat' dir='ltr'>et</span> <span class='ocrx_word' id='word_1_69' title='bbox 1246 921 1495 974; x_wconf 86' lang='lat' dir='ltr'>cardinalis</span> 
     </span>
     <span class='ocr_line' id='line_1_10' title="bbox 82 999 1495 1066; baseline -0.004 -14"><span class='ocrx_word' id='word_1_70' title='bbox 82 1002 343 1062; x_wconf 87' lang='lat' dir='ltr'>Nicbolaus,</span> <span class='ocrx_word' id='word_1_71' title='bbox 369 1003 430 1053; x_wconf 92' lang='lat' dir='ltr'>de</span> <span class='ocrx_word' id='word_1_72' title='bbox 453 1003 619 1053; x_wconf 80' lang='lat' dir='ltr'>ordine</span> <span class='ocrx_word' id='word_1_73' title='bbox 644 1003 1045 1060; x_wconf 47' lang='lat' dir='ltr'>predicatorum&amp;</span> <span class='ocrx_word' id='word_1_74' title='bbox 1069 1001 1299 1066; x_wconf 90' lang='lat' dir='ltr'>multique</span> <span class='ocrx_word' id='word_1_75' title='bbox 1321 999 1495 1066; x_wconf 89' lang='lat' dir='ltr'>princi·</span> 
     </span>
     <span class='ocr_line' id='line_1_11' title="bbox 82 1076 1495 1146; baseline -0.004 -16"><span class='ocrx_word' id='word_1_76' title='bbox 82 1096 168 1146; x_wconf 86' lang='lat' dir='ltr'>pes</span> <span class='ocrx_word' id='word_1_77' title='bbox 191 1084 240 1130; x_wconf 88' lang='lat' dir='ltr'>et</span> <span class='ocrx_word' id='word_1_78' title='bbox 264 1080 431 1146; x_wconf 87' lang='lat' dir='ltr'>prelati</span> <span class='ocrx_word' id='word_1_79' title='bbox 450 1080 777 1130; x_wconf 87' lang='lat' dir='ltr'>ascenderunt.</span> <span class='ocrx_word' id='word_1_80' title='bbox 800 1079 1063 1130; x_wconf 85' lang='lat' dir='ltr'>Predicavit</span> <span class='ocrx_word' id='word_1_81' title='bbox 1082 1084 1240 1128; x_wconf 82' lang='lat' dir='ltr'>autem</span> <span class='ocrx_word' id='word_1_82' title='bbox 1259 1077 1322 1127; x_wconf 90' lang='lat' dir='ltr'>ibi</span> <span class='ocrx_word' id='word_1_83' title='bbox 1342 1076 1495 1126; x_wconf 88' lang='lat' dir='ltr'>dictus</span> 
     </span>
     <span class='ocr_line' id='line_1_12' title="bbox 81 1156 866 1207; baseline 0 -1"><span class='ocrx_word' id='word_1_84' title='bbox 81 1156 329 1206; x_wconf 87' lang='lat' dir='ltr'>cardinalis</span> <span class='ocrx_word' id='word_1_85' title='bbox 353 1157 413 1206; x_wconf 89' lang='lat' dir='ltr'>de</span> <span class='ocrx_word' id='word_1_86' title='bbox 436 1157 512 1206; x_wconf 83' lang='lat' dir='ltr'>via</span> <span class='ocrx_word' id='word_1_87' title='bbox 536 1157 866 1207; x_wconf 88' lang='lat' dir='ltr'>transmarina.</span> 
     </span>
    </p>

    <p class='ocr_par' dir='ltr' id='par_1_3' title="bbox 80 1232 1497 1918">
     <span class='ocr_line' id='line_1_13' title="bbox 147 1232 1495 1300; baseline -0.004 -17"><span class='ocrx_word' id='word_1_88' title='bbox 147 1235 249 1293; x_wconf 85' lang='lat' dir='ltr'>Quo</span> <span class='ocrx_word' id='word_1_89' title='bbox 273 1233 567 1293; x_wconf 77' lang='lat' dir='ltr'>adhortante,</span> <span class='ocrx_word' id='word_1_90' title='bbox 597 1250 684 1284; x_wconf 86' lang='lat' dir='ltr'>rex</span> <span class='ocrx_word' id='word_1_91' title='bbox 712 1233 966 1300; x_wconf 71' lang='lat' dir='ltr'>assumpsit</span> <span class='ocrx_word' id='word_1_92' title='bbox 991 1233 1145 1283; x_wconf 84' lang='lat' dir='ltr'>crucis</span> <span class='ocrx_word' id='word_1_93' title='bbox 1172 1232 1360 1298; x_wconf 82' lang='lat' dir='ltr'>signum</span> <span class='ocrx_word' id='word_1_94' title='bbox 1387 1245 1495 1279; x_wconf 91' lang='lat' dir='ltr'>cum</span> 
     </span>
     <span class='ocr_line' id='line_1_14' title="bbox 82 1306 1496 1377; baseline -0.004 -17"><span class='ocrx_word' id='word_1_95' title='bbox 82 1311 234 1361; x_wconf 79' lang='lat' dir='ltr'>tribus</span> <span class='ocrx_word' id='word_1_96' title='bbox 258 1311 365 1361; x_wconf 82' lang='lat' dir='ltr'>filiis</span> <span class='ocrx_word' id='word_1_97' title='bbox 389 1311 502 1370; x_wconf 88' lang='lat' dir='ltr'>suis,</span> <span class='ocrx_word' id='word_1_98' title='bbox 532 1311 706 1362; x_wconf 87' lang='lat' dir='ltr'>scilicet</span> <span class='ocrx_word' id='word_1_99' title='bbox 728 1311 984 1369; x_wconf 87' lang='lat' dir='ltr'>Ludovico,</span> <span class='ocrx_word' id='word_1_100' title='bbox 1012 1327 1125 1377; x_wconf 85' lang='lat' dir='ltr'>rege</span> <span class='ocrx_word' id='word_1_101' title='bbox 1146 1313 1370 1365; x_wconf 80' lang='lat' dir='ltr'>Navarre,</span> <span class='ocrx_word' id='word_1_102' title='bbox 1391 1306 1496 1356; x_wconf 86' lang='lat' dir='ltr'>Phi-</span> 
     </span>
     <span class='ocr_line' id='line_1_15' title="bbox 83 1385 1497 1454; baseline -0.003 -16"><span class='ocrx_word' id='word_1_103' title='bbox 83 1389 230 1454; x_wconf 88' lang='lat' dir='ltr'>lippo,</span> <span class='ocrx_word' id='word_1_104' title='bbox 248 1388 420 1438; x_wconf 89' lang='lat' dir='ltr'>comite</span> <span class='ocrx_word' id='word_1_105' title='bbox 439 1388 656 1446; x_wconf 83' lang='lat' dir='ltr'>Pictavie,</span> <span class='ocrx_word' id='word_1_106' title='bbox 676 1395 724 1439; x_wconf 88' lang='lat' dir='ltr'>et</span> <span class='ocrx_word' id='word_1_107' title='bbox 743 1389 931 1446; x_wconf 83' lang='lat' dir='ltr'>Karolo,</span> <span class='ocrx_word' id='word_1_108' title='bbox 955 1388 1126 1437; x_wconf 88' lang='lat' dir='ltr'>comite</span> <span class='ocrx_word' id='word_1_109' title='bbox 1141 1386 1358 1443; x_wconf 75' lang='lat' dir='ltr'>Marchie,</span> <span class='ocrx_word' id='word_1_110' title='bbox 1377 1385 1497 1435; x_wconf 89' lang='lat' dir='ltr'>duo-</span> 
     </span>
     <span class='ocr_line' id='line_1_16' title="bbox 82 1463 1497 1532; baseline -0.004 -16"><span class='ocrx_word' id='word_1_111' title='bbox 82 1466 265 1532; x_wconf 82' lang='lat' dir='ltr'>busque</span> <span class='ocrx_word' id='word_1_112' title='bbox 302 1465 549 1524; x_wconf 82' lang='lat' dir='ltr'>fratribus,</span> <span class='ocrx_word' id='word_1_113' title='bbox 590 1466 765 1515; x_wconf 88' lang='lat' dir='ltr'>scilicet</span> <span class='ocrx_word' id='word_1_114' title='bbox 800 1466 996 1524; x_wconf 83' lang='lat' dir='ltr'>Karolo,</span> <span class='ocrx_word' id='word_1_115' title='bbox 1037 1465 1208 1514; x_wconf 83' lang='lat' dir='ltr'>comite</span> <span class='ocrx_word' id='word_1_116' title='bbox 1245 1463 1410 1515; x_wconf 81' lang='lat' dir='ltr'>valesii</span> <span class='ocrx_word' id='word_1_117' title='bbox 1450 1468 1497 1511; x_wconf 87' lang='lat' dir='ltr'>et</span> 
     </span>
     <span class='ocr_line' id='line_1_17' title="bbox 80 1538 1497 1601; baseline -0.003 -10"><span class='ocrx_word' id='word_1_118' title='bbox 80 1541 342 1601; x_wconf 87' lang='lat' dir='ltr'>Ludovico,</span> <span class='ocrx_word' id='word_1_119' title='bbox 377 1542 548 1591; x_wconf 87' lang='lat' dir='ltr'>comite</span> <span class='ocrx_word' id='word_1_120' title='bbox 581 1542 901 1600; x_wconf 83' lang='lat' dir='ltr'>Ebroicensi²;</span> <span class='ocrx_word' id='word_1_121' title='bbox 934 1541 1104 1592; x_wconf 91' lang='lat' dir='ltr'>deinde</span> <span class='ocrx_word' id='word_1_122' title='bbox 1138 1540 1404 1591; x_wconf 85' lang='lat' dir='ltr'>Ludovicus</span> <span class='ocrx_word' id='word_1_123' title='bbox 1436 1538 1497 1588; x_wconf 91' lang='lat' dir='ltr'>de</span> 
     </span>
     <span class='ocr_line' id='line_1_18' title="bbox 81 1616 1497 1685; baseline -0.004 -16"><span class='ocrx_word' id='word_1_124' title='bbox 81 1619 395 1678; x_wconf 79' lang='lat' dir='ltr'>claromonte,</span> <span class='ocrx_word' id='word_1_125' title='bbox 414 1619 725 1670; x_wconf 89' lang='lat' dir='ltr'>consobrinus</span> <span class='ocrx_word' id='word_1_126' title='bbox 743 1620 870 1685; x_wconf 81' lang='lat' dir='ltr'>regis</span> <span class='ocrx_word' id='word_1_127' title='bbox 888 1625 937 1668; x_wconf 86' lang='lat' dir='ltr'>et</span> <span class='ocrx_word' id='word_1_128' title='bbox 956 1619 1055 1668; x_wconf 82' lang='lat' dir='ltr'>fere</span> <span class='ocrx_word' id='word_1_129' title='bbox 1073 1634 1238 1667; x_wconf 86' lang='lat' dir='ltr'>omnes</span> <span class='ocrx_word' id='word_1_130' title='bbox 1256 1616 1497 1682; x_wconf 83' lang='lat' dir='ltr'>principes</span> 
     </span>
     <span class='ocr_line' id='line_1_19' title="bbox 81 1693 1492 1763; baseline -0.003 -17"><span class='ocrx_word' id='word_1_131' title='bbox 81 1697 237 1763; x_wconf 83' lang='lat' dir='ltr'>regni,</span> <span class='ocrx_word' id='word_1_132' title='bbox 272 1702 434 1763; x_wconf 90' lang='lat' dir='ltr'>preter</span> <span class='ocrx_word' id='word_1_133' title='bbox 461 1697 630 1746; x_wconf 90' lang='lat' dir='ltr'>ducem</span> <span class='ocrx_word' id='word_1_134' title='bbox 662 1696 898 1746; x_wconf 86' lang='lat' dir='ltr'>Britannie</span> <span class='ocrx_word' id='word_1_135' title='bbox 929 1702 977 1746; x_wconf 87' lang='lat' dir='ltr'>et</span> <span class='ocrx_word' id='word_1_136' title='bbox 1006 1695 1228 1746; x_wconf 77' lang='lat' dir='ltr'>comitem</span> <span class='ocrx_word' id='word_1_137' title='bbox 1260 1693 1492 1751; x_wconf 81' lang='lat' dir='ltr'>Flandrie,</span> 
     </span>
     <span class='ocr_line' id='line_1_20' title="bbox 80 1771 1497 1840; baseline -0.003 -16"><span class='ocrx_word' id='word_1_138' title='bbox 80 1775 161 1840; x_wconf 90' lang='lat' dir='ltr'>qui</span> <span class='ocrx_word' id='word_1_139' title='bbox 180 1773 397 1824; x_wconf 87' lang='lat' dir='ltr'>dicebant</span> <span class='ocrx_word' id='word_1_140' title='bbox 413 1790 464 1823; x_wconf 88' lang='lat' dir='ltr'>se</span> <span class='ocrx_word' id='word_1_141' title='bbox 485 1773 607 1823; x_wconf 91' lang='lat' dir='ltr'>nolle</span> <span class='ocrx_word' id='word_1_142' title='bbox 625 1772 940 1840; x_wconf 87' lang='lat' dir='ltr'>crucesignari</span> <span class='ocrx_word' id='word_1_143' title='bbox 960 1772 1111 1822; x_wconf 91' lang='lat' dir='ltr'>donec</span> <span class='ocrx_word' id='word_1_144' title='bbox 1126 1771 1342 1822; x_wconf 87' lang='lat' dir='ltr'>viderent</span> <span class='ocrx_word' id='word_1_145' title='bbox 1359 1787 1497 1836; x_wconf 90' lang='lat' dir='ltr'>para-</span> 
     </span>
     <span class='ocr_line' id='line_1_21' title="bbox 80 1850 1214 1918; baseline -0.004 -16"><span class='ocrx_word' id='word_1_146' title='bbox 80 1857 177 1902; x_wconf 84' lang='lat' dir='ltr'>tam</span> <span class='ocrx_word' id='word_1_147' title='bbox 201 1851 560 1918; x_wconf 85' lang='lat' dir='ltr'>dispositionem</span> <span class='ocrx_word' id='word_1_148' title='bbox 584 1868 674 1917; x_wconf 92' lang='lat' dir='ltr'>pro</span> <span class='ocrx_word' id='word_1_149' title='bbox 699 1850 854 1917; x_wconf 81' lang='lat' dir='ltr'>viagio</span> <span class='ocrx_word' id='word_1_150' title='bbox 879 1850 1214 1903; x_wconf 82' lang='lat' dir='ltr'>transmarine.</span> 
     </span>
    </p>

    <p class='ocr_par' dir='ltr' id='par_1_4' title="bbox 79 1926 1496 2380">
     <span class='ocr_line' id='line_1_22' title="bbox 144 1926 1495 1994; baseline -0.004 -15"><span class='ocrx_word' id='word_1_151' title='bbox 144 1931 365 1979; x_wconf 88' lang='lat' dir='ltr'>Summus</span> <span class='ocrx_word' id='word_1_152' title='bbox 391 1928 549 1994; x_wconf 86' lang='lat' dir='ltr'>itaque</span> <span class='ocrx_word' id='word_1_153' title='bbox 577 1927 808 1986; x_wconf 84' lang='lat' dir='ltr'>Pontifex,</span> <span class='ocrx_word' id='word_1_154' title='bbox 836 1928 988 1977; x_wconf 88' lang='lat' dir='ltr'>sciens</span> <span class='ocrx_word' id='word_1_155' title='bbox 1013 1926 1143 1993; x_wconf 86' lang='lat' dir='ltr'>quod</span> <span class='ocrx_word' id='word_1_156' title='bbox 1170 1926 1382 1992; x_wconf 76' lang='lat' dir='ltr'>prefatus</span> <span class='ocrx_word' id='word_1_157' title='bbox 1409 1942 1495 1975; x_wconf 88' lang='lat' dir='ltr'>rex</span> 
     </span>
     <span class='ocr_line' id='line_1_23' title="bbox 81 2002 1496 2070; baseline -0.004 -14"><span class='ocrx_word' id='word_1_158' title='bbox 81 2011 128 2055; x_wconf 86' lang='lat' dir='ltr'>et</span> <span class='ocrx_word' id='word_1_159' title='bbox 151 2006 356 2056; x_wconf 89' lang='lat' dir='ltr'>barones</span> <span class='ocrx_word' id='word_1_160' title='bbox 380 2021 568 2055; x_wconf 89' lang='lat' dir='ltr'>crucem</span> <span class='ocrx_word' id='word_1_161' title='bbox 593 2010 947 2070; x_wconf 83' lang='lat' dir='ltr'>assumpserant</span> <span class='ocrx_word' id='word_1_162' title='bbox 971 2003 1350 2060; x_wconf 82' lang='lat' dir='ltr'>transmarinam,</span> <span class='ocrx_word' id='word_1_163' title='bbox 1376 2002 1496 2051; x_wconf 93' lang='lat' dir='ltr'>mul-</span> 
     </span>
     <span class='ocr_line' id='line_1_24' title="bbox 79 2080 1493 2149; baseline -0.003 -16"><span class='ocrx_word' id='word_1_164' title='bbox 79 2090 181 2133; x_wconf 88' lang='lat' dir='ltr'>tum</span> <span class='ocrx_word' id='word_1_165' title='bbox 200 2084 368 2134; x_wconf 85' lang='lat' dir='ltr'>letatus</span> <span class='ocrx_word' id='word_1_166' title='bbox 385 2088 475 2134; x_wconf 86' lang='lat' dir='ltr'>est.</span> <span class='ocrx_word' id='word_1_167' title='bbox 499 2083 658 2133; x_wconf 88' lang='lat' dir='ltr'>Sciens</span> <span class='ocrx_word' id='word_1_168' title='bbox 679 2100 794 2133; x_wconf 89' lang='lat' dir='ltr'>vero</span> <span class='ocrx_word' id='word_1_169' title='bbox 818 2081 947 2149; x_wconf 90' lang='lat' dir='ltr'>quod</span> <span class='ocrx_word' id='word_1_170' title='bbox 973 2098 1133 2132; x_wconf 87' lang='lat' dir='ltr'>comes</span> <span class='ocrx_word' id='word_1_171' title='bbox 1158 2080 1374 2131; x_wconf 84' lang='lat' dir='ltr'>Flandrie</span> <span class='ocrx_word' id='word_1_172' title='bbox 1400 2097 1493 2129; x_wconf 89' lang='lat' dir='ltr'>non</span> 
     </span>
     <span class='ocr_line' id='line_1_25' title="bbox 82 2157 1496 2226; baseline -0.004 -16"><span class='ocrx_word' id='word_1_173' title='bbox 82 2162 231 2210; x_wconf 80' lang='lat' dir='ltr'>fuerat</span> <span class='ocrx_word' id='word_1_174' title='bbox 259 2161 306 2210; x_wconf 90' lang='lat' dir='ltr'>in</span> <span class='ocrx_word' id='word_1_175' title='bbox 332 2161 452 2211; x_wconf 84' lang='lat' dir='ltr'>festo</span> <span class='ocrx_word' id='word_1_176' title='bbox 479 2167 528 2211; x_wconf 90' lang='lat' dir='ltr'>et</span> <span class='ocrx_word' id='word_1_177' title='bbox 556 2161 685 2226; x_wconf 89' lang='lat' dir='ltr'>quod</span> <span class='ocrx_word' id='word_1_178' title='bbox 714 2160 857 2209; x_wconf 89' lang='lat' dir='ltr'>nollet</span> <span class='ocrx_word' id='word_1_179' title='bbox 887 2159 1039 2209; x_wconf 86' lang='lat' dir='ltr'>crucis</span> <span class='ocrx_word' id='word_1_180' title='bbox 1065 2174 1254 2208; x_wconf 88' lang='lat' dir='ltr'>sumere</span> <span class='ocrx_word' id='word_1_181' title='bbox 1282 2157 1496 2223; x_wconf 82' lang='lat' dir='ltr'>signacu-</span> 
     </span>
     <span class='ocr_line' id='line_1_26' title="bbox 81 2235 1495 2303; baseline -0.004 -17"><span class='ocrx_word' id='word_1_182' title='bbox 81 2238 195 2295; x_wconf 90' lang='lat' dir='ltr'>lum,</span> <span class='ocrx_word' id='word_1_183' title='bbox 218 2237 465 2288; x_wconf 86' lang='lat' dir='ltr'>estimabat</span> <span class='ocrx_word' id='word_1_184' title='bbox 482 2237 611 2303; x_wconf 93' lang='lat' dir='ltr'>quod</span> <span class='ocrx_word' id='word_1_185' title='bbox 636 2237 738 2302; x_wconf 89' lang='lat' dir='ltr'>ipse</span> <span class='ocrx_word' id='word_1_186' title='bbox 764 2235 977 2286; x_wconf 90' lang='lat' dir='ltr'>nundum</span> <span class='ocrx_word' id='word_1_187' title='bbox 1001 2241 1103 2284; x_wconf 87' lang='lat' dir='ltr'>erat</span> <span class='ocrx_word' id='word_1_188' title='bbox 1126 2235 1412 2301; x_wconf 82' lang='lat' dir='ltr'>pacificatus,</span> <span class='ocrx_word' id='word_1_189' title='bbox 1435 2250 1495 2281; x_wconf 86' lang='lat' dir='ltr'>ex</span> 
     </span>
     <span class='ocr_line' id='line_1_27' title="bbox 81 2310 1494 2380; baseline -0.003 -16"><span class='ocrx_word' id='word_1_190' title='bbox 81 2331 138 2364; x_wconf 85' lang='lat' dir='ltr'>eo</span> <span class='ocrx_word' id='word_1_191' title='bbox 171 2315 298 2380; x_wconf 89' lang='lat' dir='ltr'>quod</span> <span class='ocrx_word' id='word_1_192' title='bbox 331 2331 416 2365; x_wconf 82' lang='lat' dir='ltr'>rex</span> <span class='ocrx_word' id='word_1_193' title='bbox 449 2314 638 2365; x_wconf 86' lang='lat' dir='ltr'>tenebat</span> <span class='ocrx_word' id='word_1_194' title='bbox 671 2314 848 2363; x_wconf 83' lang='lat' dir='ltr'>Insulas</span> <span class='ocrx_word' id='word_1_195' title='bbox 881 2320 928 2362; x_wconf 90' lang='lat' dir='ltr'>et</span> <span class='ocrx_word' id='word_1_196' title='bbox 962 2313 1105 2362; x_wconf 84' lang='lat' dir='ltr'>multa</span> <span class='ocrx_word' id='word_1_197' title='bbox 1140 2311 1228 2361; x_wconf 85' lang='lat' dir='ltr'>alia</span> <span class='ocrx_word' id='word_1_198' title='bbox 1262 2318 1414 2361; x_wconf 90' lang='lat' dir='ltr'>castra</span> <span class='ocrx_word' id='word_1_199' title='bbox 1448 2310 1494 2359; x_wconf 87' lang='lat' dir='ltr'>in</span> 
     </span>
    </p>
   </div>
   <div class='ocr_carea' id='block_1_3' title="bbox 84 2482 1494 2829">
    <p class='ocr_par' dir='ltr' id='par_1_5' title="bbox 86 2482 1493 2594">
     <span class='ocr_line' id='line_1_28' title="bbox 131 2482 1493 2534; baseline -0.004 -11"><span class='ocrx_word' id='word_1_200' title='bbox 131 2487 164 2523; x_wconf 81' lang='lat'>1.</span> <span class='ocrx_word' id='word_1_201' title='bbox 186 2485 346 2524; x_wconf 86' lang='lat' dir='ltr'>Nicolas</span> <span class='ocrx_word' id='word_1_202' title='bbox 365 2485 411 2523; x_wconf 89' lang='lat' dir='ltr'>de</span> <span class='ocrx_word' id='word_1_203' title='bbox 430 2485 647 2524; x_wconf 78' lang='lat' dir='ltr'>Freauville</span> <span class='ocrx_word' id='word_1_204' title='bbox 668 2485 774 2523; x_wconf 81' lang='lat' dir='ltr'>avait</span> <span class='ocrx_word' id='word_1_205' title='bbox 794 2485 854 2523; x_wconf 74' lang='grc' dir='ltr'>όιό</span> <span class='ocrx_word' id='word_1_206' title='bbox 874 2495 1012 2534; x_wconf 87' lang='lat' dir='ltr'>promu</span> <span class='ocrx_word' id='word_1_207' title='bbox 1033 2495 1082 2522; x_wconf 90' lang='lat' dir='ltr'>au</span> <span class='ocrx_word' id='word_1_208' title='bbox 1103 2482 1332 2531; x_wconf 84' lang='lat' dir='ltr'>cardinalat,</span> <span class='ocrx_word' id='word_1_209' title='bbox 1347 2492 1437 2519; x_wconf 84' lang='lat' dir='ltr'>sous</span> <span class='ocrx_word' id='word_1_210' title='bbox 1459 2482 1493 2519; x_wconf 92' lang='lat' dir='ltr'>le</span> 
     </span>
     <span class='ocr_line' id='line_1_29' title="bbox 86 2544 759 2594; baseline 0 -11"><span class='ocrx_word' id='word_1_211' title='bbox 86 2546 176 2583; x_wconf 85' lang='lat' dir='ltr'>titre</span> <span class='ocrx_word' id='word_1_212' title='bbox 196 2545 243 2583; x_wconf 89' lang='lat' dir='ltr'>de</span> <span class='ocrx_word' id='word_1_213' title='bbox 264 2544 563 2594; x_wconf 67' lang='lat' dir='ltr'>Saint-Eussbe,</span> <span class='ocrx_word' id='word_1_214' title='bbox 583 2555 633 2583; x_wconf 83' lang='lat' dir='ltr'>en</span> <span class='ocrx_word' id='word_1_215' title='bbox 653 2545 759 2583; x_wconf 84' lang='lat'><strong>¹305.</strong></span> 
     </span>
    </p>

    <p class='ocr_par' dir='ltr' id='par_1_6' title="bbox 84 2599 1494 2829">
     <span class='ocr_line' id='line_1_30' title="bbox 133 2599 1491 2651; baseline -0.004 -10"><span class='ocrx_word' id='word_1_216' title='bbox 133 2604 168 2641; x_wconf 76' lang='lat'>2.</span> <span class='ocrx_word' id='word_1_217' title='bbox 193 2605 401 2651; x_wconf 67' lang='lat' dir='ltr'>Chr-ornique</span> <span class='ocrx_word' id='word_1_218' title='bbox 426 2603 476 2641; x_wconf 91' lang='lat' dir='ltr'>du</span> <span class='ocrx_word' id='word_1_219' title='bbox 506 2604 782 2642; x_wconf 83' lang='lat' dir='ltr'>continuateur</span> <span class='ocrx_word' id='word_1_220' title='bbox 810 2603 855 2641; x_wconf 85' lang='lat' dir='ltr'>de</span> <span class='ocrx_word' id='word_1_221' title='bbox 886 2603 1107 2641; x_wconf 84' lang='lat' dir='ltr'>Guillaume</span> <span class='ocrx_word' id='word_1_222' title='bbox 1132 2602 1179 2640; x_wconf 90' lang='lat' dir='ltr'>de</span> <span class='ocrx_word' id='word_1_223' title='bbox 1205 2602 1355 2650; x_wconf 82' lang='lat' dir='ltr'>Nangis</span> <span class='ocrx_word' id='word_1_224' title='bbox 1384 2603 1431 2648; x_wconf 82' lang='lat' dir='ltr'>(t.</span> <span class='ocrx_word' id='word_1_225' title='bbox 1459 2599 1491 2646; x_wconf 86' lang='grc' dir='ltr'>Ι,</span> 
     </span>
     <span class='ocr_line' id='line_1_31' title="bbox 84 2658 1492 2712; baseline -0.004 -11"><span class='ocrx_word' id='word_1_226' title='bbox 84 2675 122 2712; x_wconf 85' lang='lat' dir='ltr'>p.</span> <span class='ocrx_word' id='word_1_227' title='bbox 146 2662 242 2710; x_wconf 84' lang='lat'><strong>396).</strong></span> <span class='ocrx_word' id='word_1_228' title='bbox 265 2663 340 2700; x_wconf 88' lang='lat' dir='ltr'>Les</span> <span class='ocrx_word' id='word_1_229' title='bbox 365 2667 568 2711; x_wconf 84' lang='lat' dir='ltr'>emprunts</span> <span class='ocrx_word' id='word_1_230' title='bbox 587 2662 634 2701; x_wconf 84' lang='lat' dir='ltr'>de</span> <span class='ocrx_word' id='word_1_231' title='bbox 655 2662 692 2701; x_wconf 86' lang='lat' dir='ltr'>la</span> <span class='ocrx_word' id='word_1_232' title='bbox 711 2663 919 2710; x_wconf 72' lang='lat' dir='ltr'>chronique</span> <span class='ocrx_word' id='word_1_233' title='bbox 944 2663 1160 2700; x_wconf 66' lang='lat' dir='ltr'>normande-</span> <span class='ocrx_word' id='word_1_234' title='bbox 1174 2663 1222 2710; x_wconf 87' lang='lat' dir='ltr'>(p.</span> <span class='ocrx_word' id='word_1_235' title='bbox 1244 2660 1319 2708; x_wconf 74' lang='lat'>29),</span> <span class='ocrx_word' id='word_1_236' title='bbox 1338 2660 1432 2697; x_wconf 85' lang='lat' dir='ltr'>dont</span> <span class='ocrx_word' id='word_1_237' title='bbox 1458 2658 1492 2696; x_wconf 90' lang='lat' dir='ltr'>le</span> 
     </span>
     <span class='ocr_line' id='line_1_32' title="bbox 85 2718 1494 2771; baseline -0.004 -12"><span class='ocrx_word' id='word_1_238' title='bbox 85 2721 180 2759; x_wconf 76' lang='lat' dir='ltr'>recit</span> <span class='ocrx_word' id='word_1_239' title='bbox 197 2727 258 2759; x_wconf 85' lang='lat' dir='ltr'>est</span> <span class='ocrx_word' id='word_1_240' title='bbox 271 2720 344 2759; x_wconf 87' lang='lat' dir='ltr'>fort</span> <span class='ocrx_word' id='word_1_241' title='bbox 358 2720 536 2759; x_wconf 81' lang='lat' dir='ltr'>mauvais</span> <span class='ocrx_word' id='word_1_242' title='bbox 548 2731 645 2771; x_wconf 83' lang='lat' dir='ltr'>pour</span> <span class='ocrx_word' id='word_1_243' title='bbox 659 2732 725 2760; x_wconf 86' lang='lat' dir='ltr'>ces</span> <span class='ocrx_word' id='word_1_244' title='bbox 738 2722 1008 2769; x_wconf 75' lang='lat' dir='ltr'>evenements,</span> <span class='ocrx_word' id='word_1_245' title='bbox 1021 2720 1258 2758; x_wconf 80' lang='lat' dir='ltr'>deviennent</span> <span class='ocrx_word' id='word_1_246' title='bbox 1274 2718 1324 2756; x_wconf 88' lang='lat' dir='ltr'>ici</span> <span class='ocrx_word' id='word_1_247' title='bbox 1338 2718 1494 2755; x_wconf 74' lang='lat' dir='ltr'>mecon·</span> 
     </span>
     <span class='ocr_line' id='line_1_33' title="bbox 89 2776 1491 2829; baseline -0.004 -11"><span class='ocrx_word' id='word_1_248' title='bbox 89 2780 320 2828; x_wconf 82' lang='lat' dir='ltr'>naissables,</span> <span class='ocrx_word' id='word_1_249' title='bbox 340 2780 520 2829; x_wconf 79' lang='lat' dir='ltr'>jusqu‘au</span> <span class='ocrx_word' id='word_1_250' title='bbox 541 2787 878 2820; x_wconf 85' lang='lat' dir='ltr'>commencement</span> <span class='ocrx_word' id='word_1_251' title='bbox 899 2781 945 2818; x_wconf 85' lang='lat' dir='ltr'>de</span> <span class='ocrx_word' id='word_1_252' title='bbox 966 2779 1211 2829; x_wconf 79' lang='lat' dir='ltr'>l&#39;expedition</span> <span class='ocrx_word' id='word_1_253' title='bbox 1236 2789 1286 2816; x_wconf 88' lang='lat' dir='ltr'>en</span> <span class='ocrx_word' id='word_1_254' title='bbox 1310 2776 1491 2815; x_wconf 84' lang='lat' dir='ltr'>Flandre.</span> 
     </span>
    </p>
   </div>
  </div>
 </body>
</html>
