1838 3164
380 308 426 346 96
654 306 1027 341 cnaouoouruu
1054 303 1207 340 amun
1231 303 1513 339 ωκοοιυι.
1685 300 1791 350 [¹8⁰¹

382 388 496 445 lum,
520 383 888 443 winendalam¹,
909 383 1276 470 Petbenghien²‚
1303 383 1584 434 nonomen-⁸
1607 387 1657 433 et
1679 399 1797 448 que-

380 463 489 512 dam
508 462 620 520 alia;
638 477 728 527 pro
746 476 951 527 quorum
972 460 1143 510 missiis
1165 459 1291 525 (sic),
1314 459 1526 510 custibus
1543 466 1592 510 et
1614 475 1795 526 expen—

379 540 462 599 sis,
478 538 585 589 fecit
597 538 763 589 taillias
779 554 924 605 supra
939 553 1238 592 communem
1256 535 1485 603 populum
1500 553 1586 599 sua
1598 535 1796 604 propria

378 616 635 681 voluntate,
657 615 823 667 volens
847 615 1031 666 elevare
1049 631 1133 665 seu
1148 613 1409 664 inducere
1396 612 1729 680 imposiciones
1745 619 1796 665 et

378 691 551 744 multas
571 691 685 743 alias
700 691 849 742 malas
872 690 1251 749 consuetudines,
1274 690 1478 756 patriam
1501 689 1795 743 extrahatis

377 787 404 819 a
444 769 588 820 modo
629 768 848 835 antiquo,
895 767 1091 820 consilio
1128 767 1446 834 quorumdam
1486 766 1795 834 burgensium

377 847 691 914 quarumdam
706 847 939 898 bonamm
954 846 1187 906 villarum,
1202 845 1287 911 qui
1299 844 1408 896 inde
1421 845 1607 896 lucrum
1619 842 1796 897 habere

377 925 649 991 sperabant.

441 1002 621 1052 Idcirco
645 1001 871 1068 Flamingi
895 1000 1175 1066 inceperunt
1192 1015 1490 1051 murmurare
1514 1004 1564 1051 et
1588 997 1796 1050 mxime

376 1082 658 1147 Brugenses,
685 1078 859 1145 quibus
886 1094 975 1128 rex
998 1082 1245 1136 annuerat,
1272 1076 1466 1143 quando
1494 1093 1549 1127 se
1573 1074 1796 1128 reddide-

376 1162 484 1205 rant
506 1156 567 1215 ei,
592 1155 722 1221 quod
746 1172 842 1205 non
861 1155 1099 1205 solverent
1121 1153 1457 1220 imposiciones
1474 1170 1628 1220 neque
1650 1169 1793 1220 qma-

376 1247 579 1297 cumque
600 1231 892 1290 exacciones‚
914 1230 1002 1280 nisi
1018 1230 1173 1281 solum
1191 1230 1299 1290 hoc,
1318 1229 1450 1296 quod
1467 1229 1656 1281 solvere
1671 1228 1795 1282 sob-

376 1307 490 1358 bant
501 1314 718 1375 tempore
731 1325 828 1375 quo
841 1307 1011 1367 Guido,
1026 1323 1187 1359 comes
1198 1306 1515 1368 Flandrensis,
1527 1305 1795 1359 Blandi-im

376 1384 665 1451 possidebat.
682 1389 739 1436 Et
758 1386 867 1451 quia
882 1390 1047 1452 aperte
1062 1391 1166 1435 erat
1177 1390 1342 1435 contra
1356 1390 1529 1444 cartas.
1550 1382 1796 1452 privilegi·

375 1480 430 1512 ac
452 1462 632 1513 litteras
651 1462 939 1522 libertatum,
959 1463 1117 1531 legum
1133 1468 1183 1513 et
1200 1461 1559 1513 fianehisiarum
1576 1477 1790 1522 unarum.

375 1556 494 1605 quas
512 1556 664 1605 nuper
678 1555 766 1588 rex
780 1539 849 1588 eis
872 1538 1254 1598 confirmaverat,
1274 1537 1515 1589 iracundia
1538 1536 1654 1588 moti
1678 1552 1793 1588 con-

375 1620 448 1664 tra
471 1619 693 1674 Francos,
720 1614 920 1664 validius
937 1614 1035 1665 ad
1022 1614 1224 1665 invicem
1249 1613 1627 1675 murmurabant,
1651 1628 1791 1665 smum

375 1690 597 1741 comitem
621 1690 883 1742 Guidonem
905 1688 1154 1742 ardencius
1178 1690 1484 1758 repetendo⁴.

441 1767 620 1819 Accidit
639 1769 850 1834 insuper,
873 1767 1003 1833 quod
1015 1766 1251 1819 Gobertus
1265 1767 1326 1819 de
1338 1767 1552 1835 Spinacia
1563 1765 1793 1819 vendent

379 1921 396 1942 ι
416 1906 539 1945 muris
558 1918 629 1946 seu
647 1906 804 1946 fossatis
824 1907 916 1947 ville
935 1907 1188 1958 Brugiarum‚
1208 1907 1281 1959 xij⁰
1296 1920 1318 1947 ι,
1338 1908 1363 1946 1.
1384 1913 1445 1947 t...
1474 1922 1491 1945 ι
1512 1908 1546 1957 (1
1566 1919 1658 1947 nov.
1681 1907 1788 1949 ¹³0¹.

375 1986 423 1994 —
446 1966 548 2005 Bibl.
570 1972 670 2015 nat„
690 1967 758 2006 lat.
778 1967 888 2014 9783,
910 1966 977 2006 fol.
999 1967 1046 2006 56
1065 1970 1131 2016 τ’.)

423 2025 457 2062 1.
483 2025 540 2063 Le
559 2025 757 2063 chatelain
781 2024 829 2064 de
847 2024 1090 2064 winendala
1107 2025 1205 2065 &tait
1227 2025 1353 2076 Fon-y
1370 2026 1586 2077 Tnchysn
1606 2027 1713 2067 valet
1735 2025 1789 2067 du

376 2083 446 2122 roi.
470 2083 587 2132 (Bibl.
608 2090 706 2133 nat.‚
729 2084 796 2122 lat.
817 2084 929 2133 9783,
948 2084 1014 2123 fol.
1036 2085 1079 2123 51
1101 2087 1170 2133 7⁰.)

421 2143 457 2181 2.
479 2143 1029 2193 Peteghem-lez-Audenarde
1046 2143 1146 2182 dans
1165 2143 1205 2183 la
1222 2142 1389 2183 Flandre
1408 2144 1613 2184 orientale.

420 2202 457 2240 3.
479 2202 691 2242 Dossemer
715 2208 776 2241 est
800 2202 824 2240 a
849 2213 924 2252 peu
952 2202 1000 2241 de
1025 2202 1203 2242 distance
1229 2203 1277 2242 de
1296 2203 1629 2243 Pont-a-'l'ressin
1653 2199 1789 2253 mord,

376 2273 452 2299 arr.
473 2261 520 2300 de
538 2262 654 2311 Line,
673 2267 820 2301 canton
836 2261 885 2301 de
903 2262 1082 2311 Immoy,
1103 2273 1313 2301 commune
1331 2262 1380 2301 de
1399 2262 1610 2313 Chen-eng.)

420 2321 456 2358 4.
478 2321 535 2358 La
553 2322 763 2369 Chr-unique
786 2332 942 2360 connue
968 2332 1060 2360 sous
1084 2322 1121 2360 le
1139 2333 1234 2360 nom
1258 2321 1307 2360 de
1325 2322 1551 2361 Guillaume
1568 2322 1618 2361 de
1635 2322 1788 2372 Nugi-

377 2379 416 2423 (t.
437 2379 471 2428 1,
496 2391 534 2428 p.
563 2380 644 2429 316)
674 2379 745 2429 dit,
775 2391 928 2419 comme
953 2380 1011 2419 les
1030 2382 1194 2420 Grandes
1220 2381 1446 2428 Chr-uniquus
1477 2383 1516 2429 (t.
1540 2381 1592 2429 V,
1616 2392 1655 2430 p.
1688 2381 1787 2431 137),

373 2449 448 2486 que
480 2438 537 2477 les
567 2450 744 2477 mesures
767 2439 1016 2488 finaneiereffi
1042 2440 1167 2488 prisea
1191 2451 1264 2489 par
1292 2440 1464 2490 Jacques
1487 2440 1538 2478 de
1560 2439 1787 2490 enini-1³01,

373 2498 659 2536 surexciterent
684 2498 723 2536 la
746 2498 986 2548 population.
1019 2499 1074 2538 Le
1102 2499 1381 2538 continuateur
1409 2500 1458 2538 de
1488 2499 1714 2539 Guillauma
1736 2499 1786 2538 do

371 2557 522 2606 Nangis
541 2559 697 2607 qualifie
716 2560 847 2597 meme
863 2559 1036 2608 Jscques
1048 2558 1097 2597 de
1116 2559 1319 2598 Saint-Pol
1336 2559 1385 2598 de
1399 2573 1415 2595 ι
1431 2560 1627 2598 malorum
1644 2559 1789 2599 incen-

373 2630 391 2652 α
414 2621 486 2654 tor.
506 2631 523 2652 ι
539 2617 642 2656 Tout
654 2618 691 2656 le
706 2617 804 2656 tecit
815 2617 884 2656 des
895 2618 1184 2667 preliminaires
1195 2619 1294 2657 dela
1306 2619 1456 2658 revolte
1468 2624 1530 2658 est
1543 2620 1625 2658 tres
1637 2618 1785 2658 incom-

370 2675 450 2723 plet
476 2676 575 2714 dans
606 2677 664 2714 les
693 2677 795 2715 deux
825 2677 1061 2728 ehroniques
1091 2689 1143 2716 en
1173 2679 1367 2728 question.
1397 2678 1477 2724 (Cf.
1511 2690 1580 2716 sur
1606 2689 1652 2717 ce
1683 2678 1786 2727 sajet

372 2735 484 2771 Istore
503 2739 538 2772 ot
560 2738 754 2782 croniques
777 2738 821 2773 de
844 2737 1015 2782 Flam,
1046 2736 1221 2785 publices
1242 2748 1312 2785 par
1334 2737 1370 2776 le
1398 2738 1520 2775 baron
1548 2736 1710 2785 Kervyn
1734 2735 1783 2774 de

372 2792 630 2843 Lettenhove,
648 2800 678 2833 t.
700 2795 734 2844 I,
753 2806 791 2843 p.
813 2795 898 2844 227,
919 2799 1011 2835 note
1031 2797 1081 2844 1.)

1824 2859 1838 2906 1,
