1838 3164
129 281 233 328 129⁰]
404 285 777 320 cunonocmrau
802 285 956 319 aucun
978 285 1260 320 amoenet.
1486 282 1530 320 39

187 365 323 414 Anno
363 363 598 428 siquidem
635 362 820 415 Domini
857 362 911 411 κο
944 362 1022 413 00⁰
1064 362 1392 429 nonagesimo,
1428 364 1532 429 qui-

121 440 233 492 dam
250 446 536 493 mercatores
554 441 615 491 de
629 438 845 491 Flandria
861 456 889 488 a
907 444 1050 505 portu
1065 441 1224 491 Scluze
1235 440 1529 501 recedentes,

119 518 544 569 tiansfretaverunt
574 517 624 567 in
657 516 926 582 Rupellam,
961 516 1041 565 ubi
1074 517 1355 569 invenerunt
1386 535 1532 583 quos·

121 596 233 647 dam
265 601 551 646 mercatores
584 593 645 644 de
677 592 943 659 Bayonna¹,
979 609 1090 643 cum
1119 594 1310 658 quibus,
1344 596 1532 647 cuidam

118 672 377 724 occasionis
402 671 556 730 titulo,
586 671 742 721 rixam
772 670 1017 728 habentes,
1055 669 1225 721 accidit
1250 672 1380 736 quod
1409 689 1532 724 unus

116 750 467 816 Flamingorum
502 748 823 799 desmentatus
854 746 943 797 fuit
977 764 1006 797 a
1040 746 1252 812 quodam
1285 750 1526 814 Bayonno‚

113 828 196 893 qui
219 843 333 877 mox
356 824 596 877 iracundia
613 830 789 884 motus,
811 828 1024 876 extracto
1044 823 1233 883 cutello,
1254 826 1531 891 Bayonnum

115 903 349 971 percussit
384 909 433 954 et
463 901 650 953 occidit.
686 905 790 963 Quo
822 901 973 961 facto,
1006 901 1166 952 statim
1197 901 1475 969 Flammingi
1503 921 1532 953 a

114 981 309 1049 Rupella
341 979 640 1038 recedentes,
675 995 820 1030 naves
853 995 963 1029 suas
1002 979 1298 1029 intraverunt
1332 985 1382 1028 et
1414 979 1532 1030 velis

114 1057 354 1124 expansis,
382 1062 554 1107 ventus
575 1073 660 1107 eos
685 1055 867 1124 appulit
890 1056 939 1106 in
964 1061 1159 1121 portum
1182 1055 1338 1106 Sancti
1362 1056 1531 1108 Mathei

114 1151 258 1200 quem
293 1134 456 1184 dicunt
487 1133 652 1200 gallice
682 1133 740 1183 do
775 1133 1014 1183 Postemo.
1053 1136 1383 1198 Bayonnenscs
1415 1149 1532 1182 vero

113 1228 222 1263 cum
247 1211 462 1278 pluribus
479 1210 684 1277 Anglicis
707 1210 857 1261 eciam
879 1227 1011 1260 mare
1034 1210 1280 1269 intrantes,
1307 1209 1369 1260 ad
1398 1226 1532 1260 eum-

114 1288 225 1339 dem
260 1293 455 1355 portum
487 1293 630 1338 vento
664 1287 801 1338 tracti
835 1287 1049 1339 similiter
1078 1288 1423 1354 applicuerunt.
1461 1287 1532 1338 lbi

113 1382 303 1431 quoque
333 1365 634 1432 Flammingis
663 1364 884 1423 inventis,
915 1364 1163 1415 confestim
1193 1365 1369 1415 bellum
1394 1380 1532 1431 aspe-

112 1457 221 1492 rum
259 1442 305 1491 in
345 1441 548 1491 invicem
581 1440 920 1491 commiserunt
961 1458 971 1489 :
1008 1441 1056 1491 in
1093 1457 1190 1507 quo
1231 1440 1293 1491 ab
1330 1446 1530 1508 unaque

111 1524 246 1589 pane
268 1518 425 1586 gladio
450 1518 585 1568 multi
610 1522 908 1568 corruerunt.
936 1517 1028 1568 Sed
1048 1517 1221 1568 auxilio
1238 1520 1530 1568 Normanno-

113 1611 222 1647 rum
232 1599 612 1660 Francorumque
627 1601 675 1645 et
690 1594 1375 1661 Picardorum,qu11·*lamingis
1387 1591 1530 1660 opein

112 1673 339 1730 tulerunt,
367 1676 696 1738 Bayonnenses
722 1678 771 1722 et
794 1670 974 1737 Anglici
997 1671 1127 1730 victi,
1162 1671 1378 1737 plurimis
1407 1671 1530 1721 occi-

112 1750 195 1808 sis,
223 1755 357 1815 terga
380 1754 644 1799 verterunt.
672 1748 810 1799 Pauci
841 1764 1045 1813 namque
1069 1748 1151 1814 qui
1183 1765 1212 1798 a
1240 1747 1410 1798 mortis
1433 1748 1530 1799 dis-

112 1825 307 1877 crimine
330 1825 427 1876 vivi
449 1831 720 1884 evaserunt,
745 1825 949 1891 turpiter
967 1824 1258 1891 fugientes,
1244 1841 1293 1874 in
1312 1824 1528 1891 Angliam

112 1902 553 1955 transfretaverunt.

110 2062 342 2113 impet-iant,
362 2072 430 2102 sur
448 2062 506 2100 las
523 2066 752 2102 ornements
771 2060 989 2110 imperiaux
1006 2067 1047 2101 et
1066 2061 1152 2099 leur
1176 2060 1339 2110 origine.
1363 2060 1527 2100 Comme

110 2123 259 2164 l’avoue
277 2122 474 2162 d'ailleurs
493 2127 606 2161 notre
625 2128 778 2171 auteur,
794 2132 839 2160 ce
854 2132 1018 2171 passage
1037 2133 1061 2159 a
1080 2121 1142 2160 ete
1160 2122 1382 2173 smprunte,
1402 2122 1527 2170 partie

111 2182 135 2221 ὸ,
156 2194 212 2220 un
238 2181 335 2221 livre
364 2181 457 2231 qu·i1
486 2181 647 2230 designo
671 2180 788 2219 d'une
815 2180 930 2231 faeon
955 2181 1036 2218 tres
1062 2191 1187 2229 vagus
1217 2193 1225 2217 ε
1256 2194 1273 2215 ι
1302 2180 1429 2229 Super
1452 2181 1530 2218 ista

113 2255 131 2277 α
153 2251 246 2280 vero
264 2240 443 2289 materia,
469 2240 525 2278 ita
553 2240 741 2289 seriptum
768 2239 961 2288 reperitur
989 2239 1030 2277 in
1057 2239 1155 2277 libro
1183 2240 1482 2287 Cosmi-aphia,
1507 2252 1525 2273 ι

111 2299 236 2350 partie
255 2299 279 2337 ὸ,
296 2299 460 2349 ungues
486 2299 533 2337 de
559 2299 718 2348 Flaui-y.
743 2298 778 2336 11
804 2309 828 2336 a
854 2309 952 2348 paru
977 2298 1115 2336 inutile
1141 2297 1332 2336 d’inserer
1347 2298 1401 2337 ici
1425 2303 1527 2336 cette

115 2357 366 2408 compilation
385 2369 478 2397 sans
497 2358 654 2397 interet.

162 2419 196 2456 1.
225 2417 260 2455 11
288 2416 370 2456 taut.
397 2417 523 2457 croire
549 2428 625 2467 que
651 2417 709 2455 les
738 2416 889 2454 marius
916 2416 964 2453 de
995 2416 1186 2466 Bayonne
1217 2421 1256 2454 et
1289 2416 1347 2454 les
1377 2416 1527 2455 matins

115 2476 266 2526 anglais
285 2476 431 2516 etaient
450 2476 497 2515 de
517 2476 725 2516 veritables
745 2476 904 2525 pirates,
923 2486 1005 2523 car,
1025 2487 1076 2514 en
1094 2476 1223 2513 meme
1242 2480 1369 2524 temps
1386 2486 1462 2524 que
1482 2487 1527 2514 ce

115 2535 265 2582 counit,
291 2534 319 2573 il
338 2546 390 2574 en
407 2535 613 2585 surgissait
632 2547 687 2573 un
706 2542 818 2574 autre
837 2540 949 2573 entre
969 2545 1046 2572 eux
1064 2539 1104 2572 et
1122 2534 1191 2572 des
1209 2534 1431 2583 Portugais.
1454 2532 1524 2572 (Gr.

117 2595 283 2644 Rymer,
309 2595 473 2641 Fadum,
499 2595 559 2634 ed.
589 2595 702 2644 1816,
728 2600 758 2634 t.
787 2595 823 2642 1,
849 2595 888 2632 2·
913 2594 1056 2643 partie,
1084 2605 1121 2643 p.
1152 2593 1249 2641 799.)
1278 2593 1336 2632 La
1360 2592 1527 2631 relation

117 2653 321 2702 imprimes
346 2653 399 2692 ici
425 2658 485 2694 est
513 2654 717 2694 differente
741 2654 789 2693 de
821 2654 917 2693 celle
945 2665 1020 2703 que
1048 2653 1223 2692 donnent
1250 2653 1289 2692 la
1318 2654 1528 2700 Chr-unique

119 2712 167 2751 de
185 2712 408 2751 Guillaume
433 2713 481 2752 de
504 2713 656 2764 Nangis
677 2715 719 2761 (t.
739 2714 773 2763 Ι,
798 2725 837 2763 p.
859 2714 941 2760 280)
969 2719 1008 2751 et
1035 2713 1092 2751 les
1116 2713 1278 2751 Grandes
1302 2713 1527 2759 chronique*

125 2773 164 2819 (t.
185 2771 237 2819 V,
257 2783 294 2821 p.
318 2772 412 2820 106).
