1838 3164
336 292 377 328 18
604 289 973 326 cunoNOGRAPmA
999 288 1150 322 RBGUH
1177 287 1456 323 FRANCORUU.
1508 283 1729 331 [12834284

395 371 569 422 Deinde
587 369 802 427 Karolus,
820 383 906 416 rex
926 367 1095 425 Sicilie,
1119 366 1405 433 presentavit
1425 382 1476 416 se
1498 367 1543 416 in
1564 383 1732 432 campo

330 450 535 515 prefixo,
572 444 870 512 presentibus
912 444 1116 511 Anglicis
1151 444 1231 509 qui
1268 443 1467 493 aderant
1503 460 1564 494 ex
1597 451 1732 510 parte

328 525 452 591 regis
481 523 692 590 Anglie¹.
726 527 826 574 Rex
856 528 1012 572 autem
1045 521 1242 571 Karolus
1278 527 1332 570 et
1356 538 1441 570 rex
1472 521 1729 587 Philippus,

328 618 476 668 nepos
504 601 622 668 ejus,
650 600 732 651 diu
758 600 821 649 ibi
853 599 1022 649 morati
1052 605 1164 649 sunt
1193 604 1495 665 expectantes
1523 601 1731 656 Petrum,

327 693 489 745 regem
512 676 788 743 Arragonie,
813 676 894 741 qui
919 692 1005 726 nec
1027 675 1156 725 venit
1180 692 1265 725 nec
1289 674 1601 741 comparuit².

390 754 564 806 Videns
586 760 744 804 autem
766 770 850 802 rex
875 753 1116 818 Philippus
1139 752 1269 818 quod
1296 769 1389 801 non
1410 750 1645 811 veniebat,
1666 751 1736 802 ira

326 835 606 889 commotus,
626 830 753 879 misit
767 829 888 879 duos
903 836 1146 894 magnates
1162 829 1222 879 de
1239 829 1429 879 Francia
1445 845 1555 878 cum
1572 844 1737 879 cones-

326 906 553 956 tabulario
580 922 634 955 ac
658 904 929 954 marescallo
954 904 1146 953 Francie
1170 909 1219 953 et
1241 919 1350 954 cum
1378 920 1548 970 magna
1578 903 1739 955 multi-

325 983 485 1033 tudine
503 983 746 1033 hominum
770 987 1079 1039 armatorum,
1105 997 1250 1046 supra
1276 986 1451 1030 terram
1476 980 1589 1030 dicti
1610 980 1738 1031 Petri

325 1060 385 1109 de
412 1060 667 1126 Ari-agonia
698 1065 748 1109 ut
780 1075 885 1108 eam
916 1063 1156 1108 vastarent
1183 1058 1291 1124 igne
1320 1064 1366 1107 et
1399 1057 1532 1108 cede.
1562 1060 1739 1108 Euntcs

326 1153 442 1203 ergo
482 1137 847 1186 devastaverunt
889 1151 1108 1202 magnam
1146 1141 1330 1200 partem
1373 1140 1501 1184 terre
1537 1133 1737 1200 predicti

326 1213 449 1262 Petri
481 1232 491 1262 ε
524 1230 633 1262 nam
661 1213 867 1263 totaliter
900 1229 1005 1261 eam
1038 1211 1407 1269 destruxissent,
1446 1211 1533 1261 nisi
1570 1210 1739 1277 prefati

325 1305 484 1355 reges,
523 1288 604 1353 qui
637 1304 745 1338 cum
782 1288 935 1354 legato
967 1288 1144 1337 reversi
1180 1287 1365 1338 fuerant
1394 1287 1622 1347 Pal-isius,
1656 1302 1741 1337 cos

325 1366 671 1414 revocassent⁸.

390 1444 518 1490 Tunc
560 1440 828 1490 nunciatum
870 1445 943 1489 est
988 1440 1087 1506 regi
1137 1439 1351 1505 Philippo
1396 1439 1526 1506 quod
1570 1443 1740 1491 Petrus

326 1533 484 1566 comes
525 1516 927 1575 Alenccionensis,
972 1516 1117 1565 frater
1156 1518 1282 1580 ejus,
1325 1515 1566 1582 Neapolim
1607 1516 1740 1567 obie-

327 1594 431 1642 rat⁴
469 1610 480 1641 ε
516 1592 640 1642 unde
675 1593 874 1642 multum
905 1591 1072 1642 doluit.
1103 1596 1331 1659 Aportata
1361 1599 1471 1643 sunt
1500 1610 1609 1644 ossa
1637 1593 1741 1660 ejus

328 1669 500 1718 exinde
523 1669 584 1719 ad
609 1669 850 1718 ecclesiam
876 1670 1030 1718 Sancti
1054 1670 1261 1735 Dyonisii
1286 1670 1334 1719 in
1358 1671 1550 1720 Francia
1574 1675 1622 1720 ct
1652 1670 1740 1720 ibi-

329 1746 438 1795 dem
462 1745 717 1795 honorifice
742 1746 1035 1795 intumulata.

392 1826 460 1871 Eo
487 1839 677 1888 quoque
710 1829 923 1887 tempore
953 1823 1174 1882 Karolus‚
1212 1839 1299 1872 rex
1331 1823 1508 1882 Sicilie,
1544 1823 1740 1873 valefac-

328 1899 388 1948 tis
418 1899 630 1964 Philippo
664 1915 775 1965 rege
805 1899 1019 1959 Francie,
1054 1904 1225 1965 nepote
1255 1916 1341 1949 suo
1372 1900 1637 1965 ceterisque
1665 1899 1738 1950 sui

327 1976 514 2042 generis
538 1976 845 2042 principibus,
872 1994 899 2025 a
922 1977 1125 2026 Parisius
1148 1976 1375 2027 recedens
1402 1994 1509 2027 cum
1544 1977 1660 2037 suis,
1691 1977 1739 2027 in
1766 2022 1771 2028 .

329 2053 543 2118 Apuliam
579 2053 822 2102 remeavit.
859 2057 968 2118 Ipso
1001 2070 1190 2119 quoque
1222 2059 1507 2113 revertente,
1538 2054 1740 2104 Karolus

330 2129 553 2188 ClauduS,
586 2129 710 2179 filius
740 2147 875 2188 suuS,
908 2130 1070 2180 navale
1104 2130 1279 2181 bellum
1309 2131 1597 2190 instaurans,
1630 2138 1739 2181 ante
1806 2188 1810 2193 ‚

379 2302 412 2338 1.
437 2302 489 2337 1η
504 2300 590 2349 juin
610 2300 715 2339 1283.
737 2321 787 2328 —
804 2301 858 2338 Le
883 2300 1043 2349 gai-dien
1066 2300 1118 2339 du
1142 2312 1255 2350 camp
1282 2302 1339 2339 fut
1365 2301 1467 2340 Jean
1492 2301 1540 2340 de
1567 2301 1738 2351 Grailly,

331 2360 514 2397 sencehal
532 2359 579 2396 de
598 2359 803 2408 Gascognc
821 2370 919 2407 pour
937 2360 972 2396 le
993 2359 1050 2397 roi
1068 2358 1355 2408 d’Angleterre.

379 2417 414 2455 2.
435 2417 469 2453 11
482 2417 605 2465 parait
618 2428 693 2466 que
708 2417 842 2455 Pierre
855 2415 1053 2466 d‘Aragon
1067 2423 1253 2455 aceourut
1274 2429 1365 2456 sous
1378 2429 1433 2455 un
1445 2417 1735 2467 deguiment3

331 2475 444 2521 mais,
465 2476 575 2522 apres
595 2475 703 2513 avoir
722 2474 791 2512 fait
810 2475 846 2512 le
863 2479 953 2512 tour
971 2475 1018 2512 de
1037 2475 1074 2512 la
1092 2475 1179 2524 lice,
1200 2475 1229 2512 il
1247 2475 1404 2513 s'enfuit
1423 2486 1472 2513 au
1492 2476 1580 2524 plus
1598 2476 1678 2515 vita
1694 2483 1735 2515 et

332 2539 465 2572 renti-a
484 2545 551 2571 sur
570 2545 632 2571 ses
651 2540 789 2572 terres.
811 2534 880 2580 (Cf.
900 2534 1099 2583 Langlois,
1119 2546 1176 2581 op.
1198 2537 1276 2581 cit.)

381 2593 415 2630 3.
436 2594 511 2631 Les
529 2594 632 2631 Gesta
650 2596 816 2641 Philippi
834 2595 890 2632 III
905 2595 1057 2640 (Hister.
1078 2596 1121 2631 de
1146 2596 1221 2639 Fr„
1250 2601 1278 2632 t.
1307 2595 1405 2641 XX,
1435 2606 1472 2643 p.
1501 2595 1584 2643 524)
1609 2594 1738 2634 disant

334 2662 408 2700 que
425 2662 468 2690 ce
488 2652 546 2689 fut
563 2652 588 2688 J
590 2663 664 2689 ean
684 2653 830 2698 Nufies,
850 2652 944 2690 dont
956 2664 1055 2690 nous
1071 2664 1192 2691 avons
1205 2654 1291 2702 ddja
1304 2655 1426 2703 parle,
1440 2655 1508 2704 qui
1519 2654 1578 2693 fut
1590 2655 1736 2703 charge

335 2710 381 2747 dc
402 2710 585 2748 conduire
602 2716 703 2748 cette
722 2711 854 2759 rapide
873 2721 1101 2760 campagne.

382 2769 416 2806 4.
438 2769 492 2806 Le
512 2774 636 2806 comte
657 2769 872 2818 d'Alencon
890 2770 948 2807 fut
965 2771 1032 2807 tue
1051 2771 1086 2808 le
1106 2771 1129 2809 6
1147 2772 1244 2809 avril
1266 2772 1371 2810 1284.
