1838 3164
345 296 389 333 52
619 291 989 328 onnonocmm
1014 289 1168 326 mun
1193 287 1474 324 mucosus.
1637 282 1741 332 [¹2⁹7

344 379 516 441 Symon
544 373 603 423 de
624 370 919 422 Tincormes¹
944 369 1051 421 tulit
1081 367 1206 419 aliud
1234 367 1459 418 vexillum
1488 372 1537 417 et
1564 364 1744 424 habuit,

341 452 540 500 durante
557 448 654 497 vita
678 463 779 507 sua,
805 461 870 498 nx
893 446 1036 497 libras
1059 444 1346 496 annuatim².

406 530 574 576 Hostes
585 540 701 575 vero
713 523 1050 575 ordinaverunt
1067 523 1270 589 primam
1286 520 1433 571 aciem
1452 519 1575 569 inter
1586 534 1752 570 nemm

341 610 388 654 et
427 602 682 668 quemdam
716 617 926 667 passum,
960 601 1116 651 taliter
1152 599 1280 667 quod
1316 614 1477 649 comes
1510 597 1626 648 Fuxi
1658 613 1753 647 non

342 679 528 730 valebat
557 678 626 728 eis
654 677 1062 745 appropinquare3
1092 676 1344 742 statimque
1367 690 1528 725 comes
1551 671 1754 725 Anba-ii

343 772 452 807 cum
479 772 564 806 sua
589 754 687 806 acie
710 754 1098 821 appropinquans
1121 752 1395 803 vociferavit
1417 769 1428 801 ε
1457 750 1676 818 Honjoie,
1706 754 1756 800 et

341 833 497 884 taliter
534 831 759 882 animavit
788 847 924 891 suos,
957 831 1020 880 ita
1051 837 1104 881 ut
1132 829 1283 880 timidi
1312 829 1534 881 audacter
1569 825 1757 879 incedo-

342 916 448 960 rent
491 914 539 959 et
581 909 821 959 irruerunt
864 909 912 958 in
954 911 1189 959 Vascones
1234 913 1283 957 et
1327 907 1609 974 fugaverunt
1651 920 1753 955 eos.

342 986 518 1038 Deinde
562 985 815 1036 secundam
851 985 999 1034 aciem
1041 984 1363 1035 extinxenmt.
1396 983 1609 1034 'terciam
1641 997 1758 1032 vero

344 1063 492 1113 aciem
528 1062 576 1111 in
607 1078 699 1127 qua
730 1066 866 1111 erant
897 1076 1058 1110 comes
1090 1060 1150 1110 de
1183 1059 1419 1110 Lincolnia
1456 1065 1506 1109 et
1537 1057 1759 1109 dominus

344 1139 579 1189 Johannes
596 1137 656 1187 de
674 1136 930 1195 Britannia,
949 1141 1061 1202 post
1079 1151 1299 1202 magnam
1317 1135 1630 1186 resistent-ism
1645 1149 1760 1184 con-

345 1214 641 1281 fugaverunt.
676 1216 731 1263 Et
761 1213 950 1263 suerunt
982 1212 1048 1263 ibi
1078 1212 1204 1278 capti
1234 1212 1469 1263 lohannes
1498 1211 1560 1262 de
1588 1213 1761 1262 Sancto

345 1291 598 1349 Johanness,
627 1289 897 1340 Guillelmus
921 1288 981 1339 de
1003 1292 1189 1339 Mortuo
1218 1288 1332 1339 Mari
1355 1289 1517 1356 junior
1545 1293 1595 1339 et
1626 1287 1761 1355 quasi

345 1372 536 1417 centum
568 1365 749 1416 nobiles
782 1365 844 1416 de
876 1365 1110 1432 Anglicis;
1151 1365 1213 1416 de
1249 1364 1540 1417 vasconibus
1573 1365 1763 1416 fueruit

345 1443 470 1509 capti
495 1442 758 1493 vicecomes
780 1441 842 1492 de
858 1442 977 1494 Malo
1002 1446 1209 1509 Repastu
1229 1441 1347 1493 dum
1365 1442 1594 1510 sugeret⁸.
1613 1445 1763 1493 Dura-

346 1520 414 1569 vit
437 1525 598 1570 autem
620 1520 711 1569 hoc
734 1518 910 1570 bellum
928 1519 1027 1570 sere
1051 1536 1140 1586 per
1162 1520 1375 1586 spacium
1397 1519 1600 1571 duarum
1622 1519 1764 1570 bora-

346 1613 455 1646 rum
485 1597 534 1646 in
562 1602 716 1646 nocte.
752 1599 902 1646 Porro
934 1612 1094 1647 comes
1124 1596 1328 1647 Arthesii
1357 1596 1674 1664 supradictus,
1701 1594 1765 1647 de

346 1674 546 1724 inimicis
568 1673 882 1740 triumphans,
910 1679 1233 1741 retrogressus
1257 1680 1331 1725 est
1353 1674 1415 1724 ad
1433 1674 1624 1726 onhois
1645 1678 1697 1724 et
1713 1672 1763 1723 in

348 1751 622 1810 crastinum,
649 1766 758 1801 cum
782 1751 881 1800 suis
903 1750 1034 1800 venit
1056 1750 1105 1800 in
1129 1767 1349 1817 campum
1373 1751 1482 1801 belli
1510 1769 1523 1800 t
1550 1749 1637 1801 sed
1660 1749 1764 1802 mil-

397 1888 430 1924 1.
452 1886 562 1924 Dans
590 1887 647 1924 les
675 1888 879 1925 Ancionnos
904 1887 1121 1934 chronicum
1148 1888 1191 1924 do
1218 1888 1392 1931 mandre,
1413 1897 1466 1925 on
1494 1887 1539 1925 lit
1562 1886 1697 1925 Sim
1718 1887 1763 1925 ds

348 1946 535 1990 uaubion,
558 1956 623 1993 ou,
643 1945 794 1995 d’apres
813 1956 892 1984 une
907 1946 1100 1994 variante,
1114 1945 1247 1985 Simon
1258 1948 1302 1984 do
1314 1947 1521 1995 Ginqomo.
1541 1945 1646 1985 C'est
1657 1946 1764 1996 posi-

348 2004 540 2042 tivement
558 2015 629 2052 par
646 2015 702 2042 un
722 2009 736 2042 t
755 2015 830 2054 que
849 2015 895 2043 ce
915 2015 1009 2043 nom
1028 2015 1257 2044 commanos
1275 2005 1374 2043 dans
1398 2011 1511 2044 notre
1530 2005 1761 2055 chronique.

397 2062 432 2100 2.
453 2063 511 2100 La
535 2062 765 2112 disposition
789 2063 858 2103 des
882 2069 1041 2112 troupes
1065 2070 1126 2103 est
1150 2066 1353 2114 rapportee
1378 2063 1627 2103 absolumont
1651 2063 1700 2104 ds
1724 2064 1766 2103 la

350 2121 479 2159 meme
494 2121 608 2171 facon
620 2133 690 2170 par
704 2122 928 2162 Guillaume
942 2123 1095 2162 Guiart.
1110 2125 1263 2170 (Hister.
1277 2125 1322 2162 do
1333 2125 1410 2170 Fr„
1426 2130 1455 2162 t.
1472 2123 1611 2172 XXII,
1623 2135 1661 2174 p.
1676 2122 1763 2172 2²3,

351 2191 441 2218 vers
461 2181 574 2219 13441
596 2180 620 2218 a
641 2181 785 2228 13462.)

399 2240 435 2277 3.
457 2241 494 2277 Α
512 2241 551 2278 la
569 2240 658 2279 date
676 2240 728 2278 du
746 2241 792 2279 24
812 2242 893 2279 mai
913 2241 1021 2291 1298,
1040 2252 1093 2280 on
1111 2242 1157 2280 lit
1178 2242 1276 2280 dans
1302 2243 1339 2280 le
1361 2242 1528 2280 Journal
1548 2242 1601 2280 du
1619 2241 1763 2280 Τι’όιοι·

351 2297 399 2335 de
418 2298 594 2347 Philippo
613 2299 650 2337 le
670 2299 742 2337 Bel
765 2313 774 2336 :
797 2312 814 2335 α
834 2300 1039 2338 Iohannes
1058 2300 1209 2347 Bastel,
1224 2301 1401 2340 serviens
1415 2312 1629 2349 armorum,
1643 2311 1762 2350 super

354 2357 468 2394 vadia.
487 2369 557 2395 sua
576 2358 828 2397 custodiendo
845 2359 1069 2398 Johannem
1082 2359 1130 2398 de
1150 2360 1297 2399 Sancto
1309 2361 1508 2410 Iohanne,
1522 2360 1703 2409 militam,
1716 2361 1761 2399 in

354 2415 563 2454 Castelleto
589 2417 765 2455 Parisius
789 2429 838 2455 n.
856 2418 883 2455 l.
905 2430 974 2467 p...
998 2432 1015 2454 ι
1043 2419 1157 2467 (Bibl.
1185 2425 1285 2468 nat„
1310 2420 1378 2458 lat.
1405 2420 1514 2467 9783,
1540 2420 1606 2458 fol.
1634 2420 1680 2458 70
1696 2422 1763 2466 τ’.)

354 2474 456 2512 Jean
475 2474 521 2512 de
543 2474 780 2514 saint-sesa
793 2476 899 2515 avait
916 2476 1073 2515 d'abord
1090 2478 1153 2515 ete
1172 2479 1311 2516 amend
1329 2479 1354 2516 a
1372 2478 1537 2526 Coi-bess,
1556 2480 1608 2516 οὺ
1625 2477 1655 2516 il
1667 2478 1764 2517 &tait

356 2534 458 2570 reste
477 2534 824 2584 quatre-vingt-dix
838 2534 963 2584 iours.
982 2535 1044 2574 De
1062 2535 1100 2574 15.
1117 2536 1147 2574 il
1163 2537 1269 2575 avait
1287 2538 1350 2575 ete
1368 2537 1491 2587 dirige
1511 2549 1580 2576 sur
1597 2537 1635 2576 le
1657 2536 1764 2575 Cht-

355 2592 450 2630 telet
469 2592 517 2631 de
536 2593 660 2630 Paris.
682 2596 806 2639 abia„
828 2594 894 2632 fol.
915 2596 962 2633 75
979 2596 1051 2639 v·.)

403 2652 439 2688 4.
460 2651 494 2688 11
512 2663 540 2700 y
564 2663 588 2689 a
613 2652 651 2689 la
675 2665 753 2691 une
778 2653 920 2692 lacuna
946 2653 1140 2702 evidente,
1159 2655 1276 2704 qu’on
1295 2662 1388 2703 peut
1412 2656 1585 2694 combler
1601 2666 1673 2706 par
1695 2666 1763 2695 ces

358 2715 460 2747 mots
487 2724 504 2746 a
525 2716 565 2748 et
590 2711 658 2748 alii
681 2712 840 2761 milites,
863 2727 880 2748 ι
906 2712 1127 2751 traduction
1151 2712 1199 2751 de
1224 2725 1269 2752 ce
1293 2715 1410 2764 qu’on
1435 2721 1575 2754 trouve
1599 2714 1698 2753 dm
1725 2714 1761 2752 le

359 2775 464 2807 texte
483 2770 651 2820 fram—:ais
670 2771 799 2810 donne
818 2783 888 2820 par
906 2773 963 2811 les
981 2773 1182 2811 Anciennes
1201 2775 1419 2822 chroniquoe
1435 2776 1479 2813 do
1497 2775 1669 2814 Flam.
