1838 3164
318 291 386 329 250
594 294 963 328 cuaomomurnu
990 294 1141 328 unua
1168 293 1443 330 rmcowu.
1607 292 1714 340 [132⁰

314 372 551 422 modicum
576 378 702 437 post,
725 371 983 437 perfectum
1007 376 1078 420 est
1103 370 1454 421 matrimonium
1478 370 1539 422 de
1561 373 1714 423 Ludo-

316 449 436 506 νίοο,
453 448 548 497 filio
563 448 747 498 comitis
763 447 1059 499 Nivernensis
1074 453 1121 497 et
1138 450 1414 514 Margareta,
1431 447 1524 497 fllia
1538 449 1684 515 regis¹
1701 468 1714 506 ;

314 524 514 589 fecitque
549 540 708 574 comes
745 524 959 576 Flandrie
996 525 1165 574 festum
1205 524 1498 590 nuptiarum,
1536 525 1583 575 in
1621 542 1717 590 quo

314 602 444 651 multi
471 602 647 653 domini
671 608 719 652 et
742 603 886 653 multe
909 602 1099 652 domine
1122 602 1327 652 suerunt.

378 677 553 729 Deinde
577 678 856 744 supplicavit
879 679 978 744 regi
997 677 1126 743 quod
1151 678 1417 743 indulgeret
1439 677 1635 728 domino
1657 678 1717 728 de

314 753 527 812 Fiennes,
553 760 752 820 cognato
782 770 885 811 suo,
913 753 1116 802 offensas
1146 769 1233 818 per
1259 769 1368 802 eum
1397 753 1672 803 commissas
1702 771 1712 803 ε

313 829 441 895 quod
478 846 587 888 rex,
633 829 805 894 pietate
844 834 1023 886 motus,
1069 828 1189 878 illico
1229 828 1417 886 annuit,
1460 827 1726 879 dummodo·

313 906 530 956 dominus
555 906 614 955 de
646 906 840 955 Fiennes
871 921 954 954 sue
979 904 1204 954 voluntati
1235 904 1508 956 omnimode
1530 921 1582 955 se
1606 904 1718 956 sub-

312 982 543 1040 mitteret;
565 983 816 1046 statimque
830 987 1044 1038 vocatus,
1059 980 1279 1031 dominus
1296 981 1356 1032 de
1374 981 1588 1039 Fiennes,
1607 997 1717 1032 cum

311 1057 515 1107 venisset
533 1058 593 1107 ad
613 1074 772 1123 regem
791 1064 838 1107 et
854 1057 1038 1106 veniam
1056 1057 1291 1107 humiliter
1310 1058 1611 1123 postulasset,
1634 1074 1719 1108 rex

310 1134 516 1199 suscepit
535 1150 643 1184 eum
669 1134 714 1183 in
738 1134 894 1199 gracia
919 1151 1020 1192 sua,
1044 1135 1295 1199 supposito
1312 1134 1443 1199 quod
1463 1150 1631 1184 omnes
1654 1133 1715 1184 de

311 1217 444 1275 parte
464 1211 591 1277 regis
603 1217 1054 1261 connumerarentur
1070 1211 1117 1260 in
1134 1211 1210 1260 illa
1229 1213 1548 1277 paceacomes
1562 1216 1720 1262 autem

311 1287 541 1346 mandrie,
576 1294 712 1352 capta
744 1287 934 1337 licencia
963 1305 991 1337 a
1019 1303 1150 1354 rege,
1183 1287 1412 1338 remeavit
1441 1288 1488 1337 in
1520 1288 1719 1354 patriam

311 1366 487 1414 suam'.

375 1440 474 1490 Hiis
491 1440 803 1505 temporibus,
832 1440 1049 1491 videlicet
1070 1457 1196 1491 anno
1214 1441 1398 1491 Domini
1421 1440 1476 1492 11⁰
1491 1440 1600 1492 σοῦ’
1613 1440 1716 1499 11⁸,

311 1517 425 1566 dum
446 1533 532 1566 rex
554 1517 744 1567 Francie
759 1517 859 1567 sine
878 1517 1063 1583 guerris
1081 1517 1283 1567 Parisius
1301 1517 1585 1583 quiesceret,
1602 1534 1721 1568 nun-

311 1594 475 1642 tiatum
508 1600 580 1643 est
611 1594 653 1643 ei
676 1594 805 1659 quod
830 1594 1009 1660 Anglici
1038 1594 1399 1644 combusserant
1419 1600 1469 1644 et
1488 1593 1721 1660 depreda-

310 1676 475 1719 verant
499 1671 700 1735 patriam
723 1671 847 1720 circa
871 1676 1079 1720 castmm
1103 1670 1361 1737 Aguillonis
1383 1671 1431 1720 in
1448 1670 1717 1723 Vasconia⁸.

311 1746 451 1812 Cujus
483 1747 786 1805 habitatores,
815 1748 1056 1798 mittentes
1089 1748 1151 1797 ad
1179 1763 1360 1814 regem,
1395 1747 1634 1813 petierunt
1661 1747 1723 1798 ab

311 1840 368 1872 eo
404 1823 693 1882 subsidium;
730 1840 877 1889 quare
909 1824 1037 1874 misit
1070 1824 1138 1874 eis
1175 1840 1262 1874 rex
1299 1823 1723 1874 conestabularium

312 1899 587 1948 Galcherum
612 1900 672 1949 de
701 1900 976 1950 Castellione
1002 1905 1050 1949 et
1072 1899 1398 1949 marescallum
1420 1899 1638 1950 Milonem
1661 1899 1722 1949 de

311 1976 506 2025 Noieriis
529 1982 577 2026 et
600 1977 761 2041 plures
784 1976 901 2027 alios
924 1993 1031 2026 cum
1054 1993 1227 2043 magno
1253 1977 1482 2026 exercitu.

377 2053 566 2102 Interim
587 2053 703 2102 dum
725 2054 813 2102 hec
839 2069 963 2102 nova
983 2053 1253 2112 currebant,
1276 2053 1442 2104 decem
1465 2053 1591 2103 milia
1615 2070 1723 2119 pas·-

313 2194 388 2231 que
406 2183 443 2222 le
463 2184 578 2221 traite
599 2194 649 2222 ne
668 2194 710 2221 se
732 2184 845 2233 signa
862 2195 932 2233 pas
951 2195 1044 2222 sans
1062 2183 1270 2223 difficultes
1282 2183 1334 2222 du
1354 2185 1440 2223 cote
1458 2184 1511 2223 du
1529 2190 1656 2224 comte
1674 2184 1721 2223 de

316 2242 484 2280 Flandre
503 2246 547 2289 (t.
567 2243 621 2291 H,
640 2254 678 2291 p.
699 2243 774 2287 23).

362 2304 396 2340 1.
418 2303 475 2340 Le
492 2303 667 2352 mariage
688 2303 746 2341 fut
758 2302 911 2341 celebre
930 2302 968 2340 le
985 2302 1033 2340 22
1050 2302 1178 2352 juillet
1193 2302 1299 2341 ¹320.
1316 2303 1405 2342 Une
1423 2303 1533 2352 copie
1551 2308 1723 2342 contem-

313 2362 471 2409 poraine
504 2361 552 2400 de
565 2382 570 2386 -
585 2372 629 2400 ce
654 2362 770 2400 traite
801 2361 849 2400 de
878 2362 1052 2411 mariage
1084 2367 1145 2400 est
1177 2362 1391 2400 conserves
1422 2372 1501 2400 aux
1529 2362 1723 2401 Archives

313 2420 466 2469 royales
494 2420 518 2457 ὲ.
545 2420 763 2458 Bruxelles.
795 2421 982 2466 (Archiou
1008 2421 1069 2458 des
1095 2422 1268 2457 misnens
1294 2422 1538 2467 :demimus-r
1563 2424 1598 2458 et
1624 2422 1725 2459 litu-

312 2482 445 2522 ναῖ’-οε,
468 2479 507 2516 2·
527 2478 642 2526 serie,
664 2479 771 2526 1865,
790 2484 818 2516 t.
841 2479 895 2527 11,
914 2490 951 2528 p.
972 2478 1074 2522 283.)

359 2537 394 2575 2.
416 2537 492 2576 Les
524 2538 732 2575 Ancimnos
759 2539 984 2586 chronique„
1012 2539 1056 2575 do
1083 2539 1242 2575 mandre
1271 2543 1431 2586 passent
1457 2548 1548 2576 sous
1578 2538 1725 2578 silence

312 2601 401 2634 tous
430 2596 488 2634 les
520 2596 697 2645 episodes
726 2597 795 2647 qui
822 2597 999 2644 suivant,
1025 2597 1207 2646 jusqu’au
1235 2598 1404 2647 complot
1430 2597 1478 2636 de
1505 2595 1654 2636 Robert
1677 2597 1725 2636 da

314 2654 461 2693 Cassel.

362 2713 396 2749 3.
417 2712 633 2761 Aiguillon,
655 2714 1001 2762 Lot-eteGaronne,
1033 2714 1366 2753 attondissement
1390 2715 1557 2764 d'Agen‚
1582 2720 1726 2754 canton

315 2769 363 2806 de
381 2770 788 2809 Port-Sainoe-Marie.
