1838 3164
115 293 222 342 ¹297]
391 295 762 331 cunonocmflu
787 294 940 329 mun
965 291 1245 327 mucosum
1473 285 1519 322 63

113 391 222 426 rum
252 374 477 433 milium¹‚
504 378 830 438 veneruntque
862 371 925 420 ad
951 374 1172 421 Sanctum
1201 368 1522 421 Audomarum

113 453 195 503 ubi
213 453 526 519 jocundanter
552 450 732 515 recepti
756 454 883 498 sunt.
913 449 996 497 Die
1020 464 1138 498 vero
1161 446 1380 504 uastius,
1406 445 1523 494 bora

112 530 284 596 prima,
318 530 498 596 egressi
528 533 638 578 sunt
664 526 726 575 de
754 525 881 585 villa,
907 524 1093 574 vexillis
1122 523 1346 573 extensis.
1378 525 1525 572 Erant

113 612 271 656 autem
294 607 344 656 in
367 605 578 656 exercitu
598 603 730 653 totali
751 606 852 652 tres
875 602 1097 667 partiales
1121 601 1358 650 exercitus
1386 618 1397 649 z
1426 599 1525 666 pri-

114 700 246 734 mum
267 683 526 735 exercitum
543 678 836 731 conducebat
857 678 1081 729 dominus
1106 680 1284 743 Symon
1302 677 1364 726 de
1388 677 1527 727 Mele-

31 795 33 797 -
114 761 260 820 duno,
276 758 575 810 marescallus
586 756 803 814 Francie;
819 755 1082 806 secundum
1095 754 1388 804 conducebat
1399 753 1527 803 idem

114 854 274 888 comes
308 835 536 894 Arthesii3
570 834 771 884 tercium
793 849 910 883 vero
932 832 1177 899 Philippus
1203 831 1329 881 filius
1355 830 1456 896 ejus
1480 837 1528 881 et

113 910 273 964 comes
293 911 512 971 Bolonie;
538 917 587 961 et
606 915 840 960 venerunt
861 925 1012 975 usque
1035 907 1098 959 ad
1121 908 1392 958 Cassellum.

178 990 245 1040 Illi
259 1005 376 1040 vero
391 988 453 1039 de
470 987 675 1040 Caesello
697 986 1009 1038 reddiderunt
1023 1002 1075 1035 se
1094 985 1272 1044 comiti,
1295 985 1344 1034 in
1365 983 1529 1034 crasti-

113 1082 322 1132 numque
332 1064 635 1116 veneruntad
647 1064 987 1114 monasterium
994 1063 1320 1120 watenense²,
1337 1061 1400 1111 ad
1413 1061 1531 1112 duas

113 1142 269 1202 leucas
285 1159 437 1209 prope
453 1144 676 1193 Sanctum
687 1141 1028 1192 Audomarum.
1050 1139 1119 1190 lbi
1138 1145 1372 1190 venerunt
1386 1138 1448 1188 illi
1469 1139 1531 1189 de

113 1221 350 1287 Bergbes⁸
377 1226 426 1271 et
456 1220 517 1270 de
540 1218 821 1285 Bourbourg
854 1222 903 1268 et
926 1217 1246 1268 submiserunt
1270 1233 1323 1267 se
1347 1216 1525 1266 comiti.

113 1298 259 1349 novit
275 1314 464 1364 quoque
482 1313 643 1348 comes
661 1296 923 1347 exercitum
940 1300 989 1345 et
1006 1295 1216 1362 perrexit
1227 1294 1287 1344 ad
1300 1294 1525 1361 Borghes.

177 1379 281 1427 Jam
310 1381 469 1425 autem
498 1374 711 1425 audierat
735 1373 865 1440 quod
890 1373 1178 1432 Guillelmus‚
1207 1373 1346 1422 heres
1370 1371 1530 1423 Juolo-

114 1452 293 1502 censis⁴
322 1453 448 1519 (sic),
476 1468 619 1518 quem
643 1468 761 1502 avus
783 1454 887 1517 ejus
909 1449 1077 1509 Guido,
1107 1466 1267 1500 comes
1290 1448 1525 1508 flandrie,

114 1546 266 1596 nuper
289 1546 467 1580 novum
495 1529 694 1579 militem
723 1529 916 1586 fecerat,
949 1526 1147 1576 comites
1178 1526 1436 1584 Clevensis‚
1468 1525 1530 1574 de

115 1606 389 1658 Castellione
403 1607 453 1656 in
468 1610 643 1657 Boa⁸et
653 1603 1034 1671 d’Espanehain⁸,
1054 1602 1275 1652 dominus
1287 1601 1529 1652 Albimon-

162 1771 198 1808 1.
219 1769 294 1807 Ges
312 1768 450 1807 details
468 1772 685 1817 manusnt
703 1777 754 1805 ou
774 1772 864 1805 sont
888 1766 1182 1806 inexaetement
1208 1766 1410 1815 rapport&
1428 1765 1528 1804 dans

114 1828 172 1867 les
189 1829 392 1867 Audemus
416 1828 635 1875 chronique
661 1827 703 1864 ds
729 1827 903 1865 raanan.
930 1826 988 1864 Ls
1013 1826 1223 1872 omniqua
1248 1826 1455 1862 normands
1476 1825 1529 1861 du

114 1887 204 1926 111⁶
221 1889 337 1930 sixto,
358 1886 425 1936 qui
445 1897 495 1925 ne
515 1886 591 1924 cite
611 1895 680 1935 pas
698 1890 785 1923 tous
806 1894 873 1923 ces
892 1894 1021 1931 noms,
1033 1883 1166 1923 donne
1184 1894 1284 1923 ceux
1297 1882 1346 1923 ds
1362 1882 1527 1930 lichen-t,

115 1950 243 1985 comte
261 1944 309 1984 ds
327 1945 547 1995 Boulogne,
566 1948 607 1982 et
624 1943 672 1982 de
690 1943 792 1982 Jean
811 1942 859 1981 ds
877 1942 1127 1981 Tancarville
1147 1945 1199 1992 (p.
1215 1943 1266 1990 5).

160 2003 198 2043 2.
218 2003 418 2043 Westins.

162 2063 198 2103 8.
219 2062 258 2103 A
275 2063 314 2102 la
331 2063 420 2103 date
439 2062 491 2101 du
509 2063 531 2101 5
549 2061 755 2100 decembre
770 2060 877 2109 1298,
891 2071 943 2099 on
959 2060 1089 2099 relevo
1103 2060 1142 2099 ls
1155 2059 1333 2099 mention
1346 2059 1528 2098 suivanto

115 2122 213 2162 dans
236 2134 291 2162 un
314 2123 481 2163 Journal
509 2123 560 2160 du
590 2123 735 2161 Tresor
758 2122 806 2160 ds
831 2121 1010 2171 Philipps
1034 2121 1071 2160 le
1091 2121 1164 2160 Bel
1186 2134 1195 2158 ε
1220 2135 1238 2157 ι
1258 2120 1530 2160 Communium

115 2181 207 2220 ville
225 2182 272 2221 de
291 2182 466 2233 Bsrgues
485 2182 527 2220 in
547 2181 746 2230 Flamin-ia,
760 2192 830 2231 pro
843 2181 1027 2220 clausura
1038 2180 1214 2230 ejusdem
1227 2180 1319 2218 ville
1336 2179 1529 2230 facienda,

115 2241 163 2281 de
181 2241 283 2282 dono
302 2243 420 2292 regis,
438 2242 497 2292 ij·
517 2242 543 2280 l.
564 2248 611 2288 t„
631 2247 755 2288 cont..
774 2251 843 2290 per
855 2240 1112 2278 Guillelmum
1126 2240 1160 2278 le
1175 2240 1278 2289 Roy,
1291 2239 1529 2289 burgensem

117 2300 182 2338 ibi.
207 2314 224 2337 ι
246 2300 361 2348 (Bibl.
382 2307 481 2348 nat„
501 2301 569 2339 lat.
590 2300 700 2349 9783,
720 2299 786 2338 fol.
809 2300 855 2339 24
876 2302 946 2347 v.)

164 2360 200 2398 ⁴.
221 2360 275 2398 M.
303 2360 351 2399 de
374 2360 526 2411 Wailly
555 2371 579 2398 a
609 2360 678 2398 fait
707 2370 935 2409 remei-quer
966 2360 1116 2408 (Hister.
1145 2360 1188 2397 do
1220 2360 1296 2404 Fr„
1329 2364 1359 2397 t.
1388 2358 1529 2407 xxa,

117 2430 156 2468 p.
177 2419 261 2468 363,
280 2430 321 2458 n.
340 2420 375 2468 2)
394 2430 470 2470 que
495 2419 719 2458 Guillaume
745 2419 793 2457 ds
819 2417 967 2457 Juliers
992 2418 1088 2456 etait
1116 2418 1292 2468 petit-fils
1319 2418 1371 2456 du
1400 2423 1528 2457 comte

119 2479 165 2516 de
185 2478 350 2518 Flandre
364 2484 403 2517 st
416 2490 497 2518 non
511 2491 583 2518 son
602 2491 745 2528 neven,
760 2490 913 2518 comme
932 2478 969 2517 le
987 2478 1115 2517 disent
1129 2478 1152 2516 ὲ
1165 2483 1243 2516 tort
1256 2477 1315 2517 les
1325 2479 1531 2517 Amemus

27 2539 38 2578 ἰ
119 2539 336 2585 chronique
353 2538 396 2575 do
414 2539 588 2576 Flandrs.

165 2596 201 2635 5.
223 2595 327 2635 C'est
344 2596 382 2635 le
400 2602 528 2637 comte
546 2597 594 2636 de
614 2596 1003 2646 Katzenelsnbogen,
1021 2608 1097 2647 que
1116 2597 1175 2635 les
1194 2597 1398 2636 Amorum
1423 2598 1530 2636 chro-

22 2665 37 2699 ‚·
119 2657 249 2703 'tiques
267 2657 310 2694 do
327 2657 485 2695 madro
503 2656 700 2707 appellent
719 2662 848 2696 comte
867 2657 914 2694 de
933 2656 1146 2695 Chattillon.
1166 2656 1223 2696 Le
1240 2668 1315 2695 ms.
1330 2656 1426 2695 dont
1439 2657 1532 2695 s’est

24 2719 39 2762 ξ
121 2713 224 2752 servi
237 2714 291 2752 M.
307 2714 343 2752 le
356 2713 479 2752 baron
491 2714 655 2765 Kervyn
665 2714 712 2754 ds
726 2715 969 2754 Lettenhove
982 2714 1082 2753 dans
1094 2725 1167 2753 son
1176 2715 1323 2753 edition
1337 2715 1405 2754 des
1418 2717 1532 2753 letor-s

121 2776 155 2811 ot
172 2775 364 2821 croniques
382 2774 425 2811 do
443 2774 616 2818 manare,
636 2778 666 2812 t.
687 2774 721 2822 1,
740 2785 778 2823 p.
801 2774 887 2820 214,
907 2773 1037 2812 donne
1058 2786 1075 2809 ι
1097 2772 1489 2823 Castellsnnebogue.
1513 2788 1528 2810 ι

170 2831 206 2869 6.
226 2830 365 2870 Comte
381 2831 428 2870 de
448 2830 674 2881 Sponhsim.
695 2832 917 2871 Guillsume
937 2833 1076 2871 Guiart
1094 2832 1194 2871 ecrit
1207 2846 1224 2868 ι
1243 2832 1492 2881 Espsnshan.
1511 2848 1529 2868 ι
