1838 3164
74 308 184 357 ¹302]
351 314 722 348 eunome-umus
747 313 901 347 RBGUH
925 312 1204 347 chomnt.
1407 307 1474 344 115

73 410 100 442 a
118 408 229 459 rege
249 395 532 443 Francorum
553 407 825 443 succursum
843 408 936 441 non
957 392 1201 450 haberent,
1222 389 1477 440 redderent

73 469 232 519 villam
249 469 334 520 eis.

134 550 396 597 Duacenses
409 563 524 596 vero
539 546 630 596 hoc
643 544 901 603 audientes,
917 545 1165 595 confestim
1182 545 1415 595 miserunt
1429 550 1478 594 et

68 623 304 690 petierunt
322 642 349 674 a
373 623 622 690 Flamingis
644 623 762 672 tales
785 621 1015 681 inducias,
1034 622 1113 671 tali
1134 622 1408 672 condicione
1425 627 1478 671 ut

67 701 356 759 Insulenses;
375 700 502 766 quod
518 700 586 750 eis
601 704 867 749 annuerunt
881 698 1131 764 Flamingi¹
1141 736 1152 747 .
1170 698 1477 749 Postmodum

65 794 200 837 vero,
224 777 490 828 conditione
508 780 722 826 cessante
740 774 870 840 quod
893 791 980 825 rex
1004 774 1066 825 ad
1084 790 1228 840 quem
1252 774 1478 825 miserant

0 871 1 874 ¹
65 870 161 904 non
187 854 314 903 misit
339 854 406 903 eis
424 869 716 910 succursum,
738 869 796 902 eo
819 851 948 918 quod
974 868 1069 901 non
1095 852 1249 917 potuit
1278 857 1479 917 propter

0 946 3 970 z
65 930 357 981 induciarum
369 930 667 989 brevitatem,
684 929 876 995 utrique
890 946 943 980 se
956 928 1194 979 dederunt
1205 928 1474 995 Flamingis,

2 1002 9 1006 ‘
63 1006 336 1057 fidelitatem
353 1007 422 1056 eis
446 1006 725 1073 legittimam
742 1006 964 1056 facientes
980 1006 1017 1056 ².

0 1130 2 1134 ,
127 1083 304 1134 Deinde
328 1083 554 1150 Flamingi
578 1083 795 1134 abierunt
824 1082 1080 1134 Cassellum
1111 1081 1169 1132 ad
1200 1098 1478 1149 expugnan-

0 1224 3 1229 .
64 1158 180 1210 dum
194 1165 425 1210 castrum:
441 1159 570 1226 quod
583 1160 692 1226 quia
705 1176 906 1211 vacuum
924 1159 1223 1217 invenerunt,
1244 1159 1293 1209 in
1308 1158 1478 1210 eodem

0 1230 5 1274 ἶ
63 1236 378 1303 garnisionem
403 1253 538 1287 suam
561 1243 842 1304 posueruut.
867 1236 1040 1287 Audito
1063 1235 1259 1303 quidem
1282 1251 1475 1287 rumore

0 1310 4 1385 f
63 1313 124 1364 de
142 1313 266 1364 bello
287 1314 515 1373 Curtraci,
539 1315 585 1364 in
604 1331 700 1380 quo
719 1314 808 1364 llos
827 1314 997 1365 milicie
1014 1314 1166 1364 tocius
1184 1313 1319 1381 regni
1334 1316 1479 1363 Fran-

0 1403 7 1445 z
63 1406 246 1450 corum,
274 1396 327 1440 ut
358 1396 470 1441 tunc
499 1391 759 1451 dicebatur,
794 1390 951 1459 gladio
980 1391 1177 1451 corruit,
1202 1390 1366 1442 Franci
1398 1389 1479 1455 qui

63 1467 189 1518 intus
225 1473 362 1518 erant
396 1485 456 1518 ex
489 1474 625 1534 parte
655 1469 782 1535 regis
812 1469 908 1527 sui,
945 1474 1154 1518 castrum
1186 1468 1480 1534 reliquerunt

61 1561 267 1595 vacuum
290 1550 338 1595 et
361 1546 658 1611 quantocius,
681 1546 742 1596 de
759 1545 896 1595 bonis
919 1545 1018 1596 suis
1041 1545 1240 1604 onerati,
1269 1545 1318 1594 in
1342 1546 1480 1594 Arte-

0 1655 7 1690 ‚5
64 1619 186 1670 sium
211 1626 538 1671 successerunt
564 1620 690 1686 (sic).

0 1750 7 1763 .-
127 1696 194 1747 Illi
214 1714 330 1748 vero
349 1697 410 1746 de
422 1697 548 1756 villa,
567 1714 681 1747 mox
703 1703 754 1748 ut
771 1697 1021 1748 audierunt
1033 1696 1163 1763 quod
1182 1696 1294 1747 socii
1312 1713 1479 1747 eorum

61 1772 285 1839 Flamingi
321 1778 456 1823 erant
490 1789 599 1823 cum
622 1773 891 1831 =Guillermo
922 1773 1175 1824 Juliocensi
1212 1779 1261 1824 et
1293 1773 1384 1823 illis
1417 1773 1478 1822 de

0 1855 9 1887 '=
61 1851 310 1901 Namurcio
340 1856 390 1900 et
417 1851 515 1900 suis
542 1851 669 1916 apud
700 1853 977 1902 curtracum
1005 1858 1055 1901 et
1084 1850 1214 1917 quod
1241 1851 1478 1901 exercitus

2 1987 3 1990 Ἴ
61 1930 347 1979 Francorum
369 1927 507 1977 valde
530 1928 909 1996 apropinquabat
933 1945 1034 1987 eos,
1064 1933 1203 1978 nocte
1227 1927 1337 1978 belli
1366 1945 1477 1995 pre-

60 2002 272 2063 cedente,
294 2009 348 2054 ut
371 2003 648 2071 adjuvarent
672 2010 987 2063 recesserunt,
1010 2020 1202 2071 gressus
1226 2021 1338 2054 suos
1361 2004 1477 2053 diri-

0 2083 13 2117 ?*
60 2086 227 2147 gentes
250 2096 417 2130 versus
442 2083 734 2138 Curtracum,
756 2081 837 2131 ubi
863 2081 1056 2131 tandem
1075 2081 1426 2147 pervenientes,
1451 2070 1504 2130 a'

61 2157 229 2208 ceteris
258 2158 531 2225 flamingis,
566 2158 740 2208 scilicet
774 2158 1125 2224 YpprensibuS,
1161 2158 1479 2209 Gandavensi—

11 2235 13 2239 ’
62 2234 154 2287 bus
176 2240 223 2285 et
241 2235 342 2286 aliis
359 2230 441 2302 qui
459 2252 510 2285 se
529 2235 870 2301 conjunxerant
889 2235 1212 2302 Brugensibus
1230 2251 1339 2284 cum
1364 2252 1478 2301 gau-

10 2363 20 2371 „
63 2313 142 2365 dio
171 2313 348 2380 recepti
381 2314 541 2363 sunt³.
578 2316 706 2363 Tunc
739 2317 838 2362 tota
868 2312 1084 2362 Flandria
1115 2312 1358 2362 viceversa
1390 2312 1477 2361 suit

63 2394 227 2440 contra
243 2389 527 2456 Philippum,
550 2406 715 2456 regem
734 2393 1039 2448 Francorum,
1063 2395 1111 2438 et
1129 2389 1211 2438 tali
1229 2388 1477 2439 occasione

114 2510 148 2547 1.
170 2509 245 2548 Les
263 2509 398 2548 Lillois
416 2514 456 2549 et
474 2509 531 2548 les
549 2509 748 2548 habitante
762 2509 809 2547 de
829 2510 957 2548 Douai
975 2498 1191 2558 promitent
1204 2509 1252 2548 de
1273 2520 1316 2548 se
1334 2509 1475 2548 rendre

16 2591 26 2609 -.
67 2566 91 2607 ὲ
109 2567 147 2606 la
164 2567 346 2607 mi-aoot.
368 2569 590 2617 (chronique
608 2571 825 2612 nor-mande,
848 2581 885 2618 p.
907 2569 992 2617 235,
1012 2574 1105 2608 note
1125 2570 1175 2615 5.)

14 2633 18 2639 ·
116 2626 153 2665 2.
174 2626 232 2665 Cf.
259 2628 372 2666 Ision
394 2631 428 2666 ot
452 2630 646 2676 croniquos
670 2630 713 2667 do
735 2630 912 2667 flandros
941 2631 981 2676 (t.
1009 2628 1049 2676 I,
1074 2639 1112 2678 p.
1138 2628 1230 2677 255,
1257 2633 1348 2667 note
1375 2629 1408 2675 ¹)
1437 2634 1478 2667 et

72 2685 282 2733 chronique
301 2688 507 2724 nomentio
528 2689 577 2735 (p.
597 2687 671 2735 20).

118 2745 152 2782 3.
175 2745 237 2783 On
256 2746 320 2783 n’a
338 2756 408 2794 pas
426 2747 563 2784 trouve
577 2746 736 2785 ailleurs
748 2747 795 2785 de
817 2747 981 2785 relation
994 2746 1042 2785 de
1061 2752 1164 2786 cette
1182 2747 1415 2786 evacuation
1428 2746 1475 2784 de

70 2802 218 2851 Caesel,
239 2804 279 2841 ni
300 2803 367 2841 des
387 2803 633 2852 dispositions
653 2804 720 2843 des
740 2805 951 2843 habitante.
