1838 3164
409 321 453 358 98
687 319 1058 355 carlomannum
1085 319 1236 354 RRGUU
1262 317 1542 353 mnoonmt.
1706 315 1815 364 [¹³⁰2

473 403 561 463 Qui
570 417 683 451 mox
695 401 889 451 veniens
899 400 1067 467 Brugis
1076 400 1183 467 (cio)
1191 406 1299 449 ante
1308 399 1693 450 communitatem
1701 403 1819 451 Bru-

406 480 639 547 gensium,
668 479 749 545 qui
779 495 889 530 eum
918 478 1087 529 ducem
1114 494 1251 529 suum
1276 478 1497 537 fecerant,
1523 477 1729 529 ostendit
1750 478 1820 529 cis

405 557 630 624 gladium,
659 573 801 623 quem
835 556 884 607 in
906 572 1048 606 manu
1079 572 1163 606 sua
1187 555 1356 605 dextra
1384 554 1574 605 tenebat
1605 562 1654 606 et
1676 570 1819 606 unam

405 633 600 683 cordam
626 633 674 683 in
697 633 903 693 sinistra,
931 633 1023 682 alta
1048 648 1166 682 voce
1190 632 1352 682 dicens
1374 649 1385 680 :
1419 650 1441 678 ι
1471 631 1675 691 Domini,
1699 631 1820 683 bmc

409 732 431 760 ι
461 710 853 780 significacionem
882 709 1022 760 vobis
1052 709 1269 768 ostendo,
1306 714 1358 759 ut
1394 707 1552 759 sciatis
1583 706 1715 775 quod
1743 708 1821 761 vel

408 807 431 835 ι
459 803 548 854 per
575 786 784 854 gladium
810 791 1000 852 oportet
1029 801 1134 845 vos,
1165 800 1340 835 uxores
1365 790 1550 835 vestras
1569 790 1619 835 et
1645 783 1821 835 libens

407 882 428 910 ι
459 868 647 913 vestros
670 862 888 922 transire,
916 861 991 910 vel
1016 860 1145 911 furca
1168 860 1412 927 suspendi,
1439 866 1521 911 aut
1543 877 1632 911 nos
1652 875 1821 912 omn

408 959 430 987 ι
460 939 802 990 deffendamus.
853 958 875 985 ι
925 942 1054 989 Tunc
1100 944 1198 988 tota
1245 938 1558 988 communitas
1603 937 1822 989 clamavit

404 1033 574 1084 magna
591 1033 708 1066 voce
732 1015 861 1082 quod
884 1032 935 1066 se
960 1015 1145 1065 fortiter
1162 1031 1217 1065 ac
1234 1015 1456 1082 vigorosa
1473 1015 1818 1075 deffenderent,

403 1095 565 1144 dicens
583 1094 626 1144 ei
650 1112 660 1143 :
687 1113 709 1141 ι
736 1097 802 1143 Tu
821 1093 916 1143 eris
936 1092 1036 1143 dux
1062 1098 1224 1143 noster
1248 1098 1297 1143 et
1323 1092 1501 1158 preibis
1522 1099 1631 1143 ante
1655 1092 1822 1143 facian

406 1191 427 1217 ι
459 1177 669 1221 nostram
687 1187 741 1220 ac
760 1169 994 1236 precipies
1018 1169 1172 1227 nobis,
1197 1174 1245 1219 et
1269 1185 1356 1218 nos
1379 1185 1546 1224 omnes
1568 1185 1823 1236 sequent

406 1268 426 1294 ‹
457 1254 505 1297 te
524 1254 572 1296 et
589 1247 869 1297 auxiliemur
891 1263 948 1296 ac
970 1245 1247 1296 obediemus
1268 1245 1373 1305 tibi,
1401 1262 1491 1296 nec
1507 1264 1535 1296 a
1558 1262 1818 1313 quoquam,

406 1344 426 1371 ‹
456 1329 557 1373 tam
586 1324 648 1373 sit
676 1323 813 1374 sortis
842 1323 919 1373 vel
951 1329 1140 1389 potens,
1169 1324 1378 1373 sinemus
1407 1329 1455 1373 te
1485 1323 1617 1390 capi;
1650 1339 1738 1374 nec
1759 1323 1822 1375 de

406 1420 427 1447 ι
458 1401 597 1450 nobis
626 1416 711 1450 seu
742 1400 900 1466 aliquo
937 1406 1155 1449 nostmm
1187 1399 1284 1449 eris
1319 1399 1689 1466 improperatus.
1723 1402 1822 1451 flec

405 1498 426 1524 ‹
457 1478 615 1527 omnia
636 1477 945 1544 jurejurando
976 1493 1167 1527 servare
1196 1493 1253 1527 ac
1282 1482 1447 1528 tenere
1469 1476 1555 1527 tibi
1577 1477 1703 1528 bona
1722 1476 1819 1528 nde

404 1574 425 1601 ‹
457 1555 799 1621 promittimus.
830 1574 852 1602 ›

466 1636 566 1682 Hoc
590 1632 671 1682 diu
705 1649 801 1682 non
834 1632 967 1682 latuit
993 1630 1221 1683 Jacobum
1250 1631 1313 1682 de
1342 1634 1513 1683 Sancto
1544 1632 1707 1693 Paulo,
1738 1633 1822 1700 qui

401 1709 650 1759 confestim
674 1709 912 1759 nunciavit
929 1709 1031 1776 regi
1058 1708 1296 1774 Philipp03
1319 1707 1550 1776 precepto
1572 1709 1706 1777 cujus
1729 1709 1823 1762 fes-

401 1787 606 1836 tinanter
623 1803 918 1854 congregans
941 1785 1255 1852 undequaque
1269 1786 1549 1847 exercitum,
1567 1802 1677 1837 cum
1694 1786 1821 1838 mille

401 1870 450 1914 et
483 1864 698 1914 ducentis
733 1864 972 1930 equitibus
1000 1870 1291 1913 armatorum
1329 1863 1435 1929 (sic)
1469 1863 1599 1914 venit
1630 1866 1822 1915 Cin-tn-

402 1942 554 1990 cum¹.
577 1940 712 2002 Quod
728 1947 780 1990 ut
795 1940 1045 1990 audierunt
1059 1944 1341 2007 Brugenses,
1360 1941 1599 1990 communi
1623 1958 1820 1993 assem

401 2017 632 2077 omnium,
659 2016 819 2068 statim
843 2016 1020 2066 ibidem
1045 2017 1277 2066 miserunt
1300 2016 1558 2083 adipsum,
1579 2017 1821 2068 humiliter

402 2094 558 2144 eidem
575 2094 894 2160 supplicantes
917 2093 1142 2160 quatinus
1162 2094 1224 2143 ad
1248 2094 1621 2144 misericordiam
1638 2095 1820 2163 recipc-

402 2176 584 2231 rentur,
605 2171 749 2221 salvis
764 2187 931 2221 eorum
950 2170 1233 2236 corporibus
1247 2177 1295 2220 et
1307 2171 1462 2231 bonis,
1482 2177 1529 2221 et
1544 2172 1636 2238 ipsi
1653 2173 1818 2239 expel-

689 2331 707 2354 «
728 2330 742 2355 1
759 2328 849 2367 gras
868 2317 1005 2366 vilain,
1025 2317 1130 2356 selon
1150 2324 1190 2355 et
1209 2323 1340 2367 grant,

691 2391 709 2412 ι
729 2376 780 2415 Et
798 2381 839 2415 ot
857 2387 1031 2414 seumon
1049 2375 1097 2413 de
1117 2375 1333 2414 Tisserant.
1357 2390 1375 2411 ι

835 2437 943 2484 (Hist.
962 2436 1006 2473 do
1023 2437 1099 2480 st„
1125 2440 1154 2472 t.
1175 2435 1314 2484 XXII,
1334 2448 1372 2485 p.
1396 2437 1458 2486 95,
1478 2448 1568 2476 vers
1586 2437 1656 2477 653
1673 2437 1698 2476 ἆ.
1715 2438 1815 2488 ⁶⁸10.)

453 2510 486 2545 1.
505 2507 567 2545 On
586 2519 636 2545 ne
655 2513 792 2546 trouve
806 2507 842 2546 le
862 2507 959 2546 tecit
978 2506 1024 2544 de
1039 2517 1084 2545 ce
1104 2507 1170 2555 qui
1182 2507 1346 2555 precede
1365 2520 1441 2557 que
1457 2508 1556 2547 dans
1569 2515 1683 2548 notre
1703 2509 1815 2548 chro-

404 2566 522 2615 nique
542 2571 581 2604 et
598 2566 696 2603 dans
716 2578 771 2604 un
789 2565 1010 2604 manuscrit
1028 2565 1097 2604 des
1114 2567 1320 2604 Ancicnncs
1339 2569 1559 2614 chronique:
1577 2569 1622 2605 dc
1639 2570 1812 2614 nando-e,

405 2625 534 2663 utilise
553 2637 623 2674 par
641 2626 692 2662 M.
726 2625 762 2663 le
781 2625 906 2663 baron
922 2624 1086 2674 Kervyn
1110 2624 1159 2663 de
1177 2625 1433 2665 Lettenhove.
1456 2626 1514 2664 La
1538 2627 1749 2675 aarum
1765 2627 1813 2666 de

405 2684 627 2722 Guillaume
654 2685 701 2722 de
728 2684 880 2734 Nangis
908 2685 952 2733 (t.
976 2684 1018 2732 1,
1041 2695 1081 2732 p.
1108 2684 1192 2733 317,
1218 2695 1260 2722 n.
1289 2685 1323 2731 1)
1348 2691 1388 2723 et
1416 2685 1475 2724 les
1502 2686 1667 2725 Grandes
1695 2687 1812 2725 Chro-

404 2745 533 2789 niques
553 2746 595 2790 (t.
616 2743 667 2790 V,
686 2754 724 2791 p.
746 2743 827 2791 137)
851 2748 1006 2792 portent
1030 2743 1067 2781 le
1092 2744 1255 2782 nombre
1279 2744 1348 2782 des
1372 2744 1590 2784 chevaliers
1613 2745 1639 2782 a
1664 2759 1683 2781 ι
1703 2745 1812 2784 mille

408 2815 425 2836 α
446 2806 485 2838 et
504 2802 683 2850 amplius.
706 2816 724 2836 ι
745 2802 797 2839 Cc
817 2802 954 2841 chiffre
972 2802 1209 2850 correspond
1227 2814 1278 2841 au
1299 2804 1425 2842 notre.
