1838 3164
327 300 345 337 4
605 298 973 334 cunomcmrnu
999 297 1149 330 noun
1177 295 1455 332 munuum.
1621 296 1729 342 [12Ίῖ

325 382 621 432 commiserat
658 398 667 427 :
702 395 822 444 quos
857 377 1089 444 denegare
1127 393 1220 425 non
1257 375 1506 436 audentes,
1545 379 1729 444 prefato

324 457 588 509 Edowardo
612 456 827 522 protinus
851 454 1146 504 tradiderunt
1160 454 1194 503 ¹.

386 538 494 584 Erat
520 539 676 584 autem
700 532 763 582 ibi
789 531 980 597 quidam
1003 530 1280 580 Harsasinus
1299 529 1379 595 qui
1400 529 1618 580 veniebat
1635 531 1730 582 sre-

321 617 521 676 quenter
535 610 594 660 ad
614 610 769 676 ipsum
787 607 1123 665 Edowardum‚
1143 623 1281 656 causa
1299 606 1521 671 loquendi
1541 623 1726 667 sectum

321 687 401 751 qui
425 686 616 752 quidem
640 683 845 751 fingebat
869 683 1046 741 verbis,
1068 682 1196 747 quod
1222 681 1414 747 quidam
1439 682 1729 734 admiraldus

321 763 534 813 mittebat
564 778 672 812 eum
703 776 792 826 pro
824 766 1064 809 cremento
1088 758 1328 824 profectus
1353 758 1727 809 Christianitatis.

319 839 458 905 Cujus
474 838 633 888 verbis
652 837 867 895 credens,
890 835 1185 885 Edowardus
1210 835 1388 900 pluries
1411 835 1595 900 sprevit
1617 851 1732 886 con-

320 916 474 966 silium
504 931 714 966 suorum.
744 913 953 973 Quadam
983 912 1126 979 igitur
1150 911 1225 960 die
1254 910 1439 970 accidit,
1467 911 1598 977 quod
1622 929 1732 979 pre-

318 997 468 1041 tactus
505 989 782 1040 Harsasinus
814 1005 948 1038 more
986 988 1124 1037 solito
1157 987 1286 1037 venit
1315 987 1375 1036 ad
1409 986 1729 1039 Edowardum

317 1073 364 1116 et
387 1083 495 1117 cum
518 1067 770 1116 intrassent
793 1081 1028 1114 cameram
1052 1064 1140 1129 ipsi
1165 1063 1279 1121 duo,
1307 1063 1535 1113 duntaxat
1561 1067 1730 1115 Harae-

316 1144 445 1193 sinus
470 1144 704 1193 nerninem
728 1142 852 1191 circa
876 1158 927 1190 se
952 1140 1135 1199 videns,
1163 1140 1308 1190 traxit
1330 1157 1479 1191 unum
1506 1141 1729 1192 mtellum

315 1220 632 1270 acuminatum
672 1225 720 1268 et
759 1217 992 1283 percussit
1031 1216 1350 1267 Edowardum
1391 1233 1479 1283 per
1517 1216 1726 1268 medium

315 1296 545 1362 corporis.
584 1293 878 1346 Edowardus
914 1294 1071 1358 itaque
1109 1293 1277 1343 videns
1314 1310 1366 1343 se
1406 1293 1721 1353 vulneratum,

313 1373 512 1438 arripuit
530 1371 830 1422 Harsasinum
854 1378 902 1419 et
927 1369 1049 1419 elisit
1073 1386 1183 1420 eum
1210 1370 1257 1419 in
1282 1376 1459 1420 terram
1483 1378 1532 1420 et
1554 1370 1726 1421 occidit

314 1449 373 1498 de
398 1449 567 1499 cutello
591 1464 687 1513 quo
710 1463 963 1514 percussus
986 1447 1156 1496 fuerat.
1178 1449 1277 1496 Hoc
1296 1462 1413 1513 ergo
1436 1446 1637 1497 scientes
1663 1447 1725 1497 illi

312 1524 372 1573 de
396 1525 605 1574 exercitu
630 1541 734 1582 sue,
762 1523 917 1572 mirati
942 1529 1048 1572 sunt
1069 1522 1205 1572 valde
1228 1529 1277 1572 et
1307 1523 1508 1574 multum
1537 1524 1730 1591 plange-

241 1591 244 1594 *
312 1601 425 1651 bant
448 1601 691 1650 dominum
716 1616 872 1658 suum,
898 1599 1122 1665 quoniam
1145 1599 1401 1649 credebant
1424 1599 1554 1666 quod
1588 1601 1726 1668 plag-

310 1677 411 1742 ejus
434 1683 557 1726 esset
578 1675 844 1734 mortifera;
866 1675 950 1724 sed
975 1675 1192 1733 finaliter,
1218 1674 1375 1725 divina
1405 1676 1720 1741 providentia,

310 1754 532 1819 magister
562 1752 813 1818 Hospitalis
842 1751 996 1801 Sancti
1033 1751 1254 1801 Johannis
1286 1753 1544 1804 Aconensis
1579 1753 1725 1804 habe-

309 1829 390 1877 bat
413 1829 666 1894 quemdam
690 1828 911 1893 lapidem,
940 1827 1071 1893 cujus
1095 1834 1223 1877 tactu
1246 1845 1482 1878 venenum
1506 1846 1723 1880 corrum-

307 1905 508 1970 pebatur
542 1924 552 1953 :
589 1911 636 1954 et
669 1905 913 1970 appositus
949 1910 1022 1953 est
1055 1903 1182 1953 idem
1214 1905 1334 1970 lapis
1364 1905 1499 1971 juxta
1532 1906 1721 1975 plagam

307 1980 559 2032 Edowardi
584 1988 648 2040 et,
675 1984 771 2030 Deo
797 1980 954 2039 dante,
982 1980 1097 2030 satis
1121 1980 1215 2030 cito
1240 1987 1431 2032 sanams
1455 1983 1578 2032 est2.

356 2129 391 2165 1.
411 2128 445 2165 Il
464 2139 514 2166 ne
534 2127 679 2165 semble
698 2138 768 2176 pas
787 2127 904 2175 qu’on
924 2126 980 2164 ait
1001 2126 1129 2164 releva
1143 2126 1301 2164 ailleurs
1314 2132 1416 2165 cette
1430 2128 1638 2167 mainmise
1650 2140 1721 2178 par

306 2177 487 2224 Edouard
519 2197 586 2225 sur
616 2186 672 2224 les
704 2187 849 2223 tresors
879 2190 1098 2233 provenant
1125 2185 1173 2223 de
1201 2185 1374 2223 Richard
1398 2185 1716 2226 Goeur-de-Lion.

307 2245 528 2293 D'ailleurs,
561 2255 626 2283 ces
659 2245 805 2282 tresors
836 2243 1143 2282 existaient-ils?
1174 2243 1207 2281 n
1236 2251 1295 2282 est
1327 2246 1443 2282 avere
1474 2236 1722 2293 qu'Edouard

305 2307 512 2350 emprunta
529 2301 752 2350 degrosses
773 2311 943 2339 sommes
963 2311 1041 2338 aux
1055 2301 1273 2349 Templiers
1293 2307 1333 2339 et
1353 2301 1447 2350 qu'il
1461 2302 1519 2339 les
1533 2303 1618 2340 leur
1629 2314 1722 2342 ren-

305 2360 359 2397 dit
378 2361 413 2397 le
434 2362 475 2397 11
498 2362 589 2397 aout
611 2360 713 2398 1274.
738 2359 916 2408 (Rymer,
938 2361 1097 2405 Vadam,
1115 2359 1156 2396 2·
1175 2359 1283 2407 edit„
1305 2365 1333 2396 t.
1355 2359 1390 2408 1,
1410 2371 1448 2408 p.
1470 2361 1566 2409 5¹4.)

351 2422 386 2459 2.
407 2422 464 2458 La
481 2421 701 2459 traduction
721 2419 915 2470 francaise
933 2420 980 2457 de
1000 2421 1039 2457 la
1058 2421 1119 2458 vie
1138 2420 1186 2458 de
1207 2421 1382 2470 Philippe
1402 2422 1438 2459 le
1451 2422 1575 2461 Bardi
1586 2423 1716 2463 donne

305 2492 359 2518 un
379 2480 474 2518 recit
493 2480 620 2517 moins
642 2479 938 2517 vraisemblable
957 2479 1004 2517 de
1025 2480 1062 2516 la
1080 2479 1261 2527 punition
1278 2480 1435 2529 infligee
1456 2481 1480 2518 εἰ
1498 2482 1712 2521 l’assauin.

305 2538 471 2577 Suivant
489 2539 578 2586 elle,
598 2539 626 2574 il
643 2539 769 2576 aurait
788 2540 850 2576 έιό
873 2552 891 2573 ι
914 2538 1042 2575 trainc
1061 2543 1099 2575 et
1118 2539 1205 2586 puis
1224 2539 1365 2587 pendu.
1391 2553 1408 2575 ι
1430 2540 1648 2588 (Hister-iau
1670 2545 1717 2580 de

303 2599 453 2640 Franco,
480 2602 510 2634 t.
537 2597 634 2644 XX,
661 2609 697 2645 p.
725 2597 825 2641 483.)
844 2597 899 2634 Le
922 2602 1029 2635 texte
1055 2596 1152 2634 latin
1177 2608 1228 2634 ne
1253 2598 1360 2646 par-le
1382 2610 1451 2646 pas
1476 2598 1529 2637 du
1553 2605 1634 2638 sort
1660 2600 1712 2638 du

303 2655 521 2693 meurtrier.
542 2655 605 2692 En
622 2661 707 2693 tout
726 2667 807 2704 cas,
827 2655 863 2694 le
882 2655 1129 2703 temoignage
1149 2655 1197 2694 de
1222 2656 1261 2693 la
1288 2657 1497 2704 chronique
1522 2657 1572 2696 de
1597 2658 1711 2696 Guil-

303 2715 432 2752 laume
450 2715 496 2751 de
515 2715 664 2764 Nangis
683 2715 755 2758 (ed.
777 2714 945 2762 Garaud,
965 2720 995 2752 t.
1011 2714 1044 2764 1,
1063 2725 1101 2762 p.
1122 2714 1206 2761 240)
1225 2720 1265 2752 et
1284 2716 1386 2752 celui
1404 2716 1452 2754 de
1470 2722 1583 2754 notre
1602 2722 1708 2755 texte

303 2772 541 2811 s’aceordent
560 2785 658 2822 pour
676 2778 856 2811 raconter
874 2762 1119 2822 qu’Edouard
1139 2773 1289 2811 eausait
1307 2785 1357 2812 en
1370 2774 1598 2814 tete-awo
1610 2786 1705 2815 avec
