1838 3164
127 277 232 325 ¹291]
403 280 776 314 GHRONOGRAPHIA
802 280 956 312 REGUM
983 280 1264 313 FRANGORUH.
1491 278 1534 315 37

122 359 326 415 civitate,
353 357 599 408 Christiani
613 356 792 423 grossis
808 356 945 422 lignis
965 357 1286 407 reclauserunt
1305 358 1533 408 foramen.

186 438 334 485 Porro
348 434 594 486 Christiani
609 433 743 483 simul
761 432 970 491 adunati,
993 439 1242 484 cernentes
1257 452 1391 485 suam
1405 435 1539 486 debi-

122 513 300 563 litatem
330 518 378 562 et
401 512 531 577 quod
554 511 661 577 plus
685 509 907 560 resistere
936 510 1194 575 nequibant
1223 517 1272 561 et
1301 513 1539 564 civitatem

122 607 330 648 servare,
365 587 767 655 expugnacionem
794 592 1059 637 metuentes
1083 603 1171 637 nec
1199 589 1245 637 in
1274 590 1541 655 semetipsis

122 667 399 718 municionis
423 664 761 715 deffensionem
779 663 1090 723 confidentes,
1118 664 1456 716 ordinaverunt
1481 667 1542 717 de

122 760 316 811 egressu
351 748 400 792 et
430 741 560 807 quod
596 741 857 808 effugerent
892 740 1231 799 decreverunt;
1267 744 1541 809 egressique

122 826 233 872 sunt
244 820 414 871 milites
426 818 713 869 citramarini
726 823 792 876 et,
812 835 900 885 per
914 835 1047 869 mare
1061 818 1353 885 navigantes,
1370 836 1541 884 perve-

119 903 292 949 nerunt
315 899 543 963 Cyprum.
572 895 782 956 Quadam
807 912 924 946 vero
948 895 1026 947 die
1045 896 1288 946 Sarraceni
1313 913 1541 962 percepe-

28 1033 34 1039 ,
118 982 231 1027 runt
253 976 382 1043 quod
408 974 654 1026 Christiani
680 974 869 1041 penitus
899 974 1182 1025 deficiebant
1207 981 1256 1024 et
1285 982 1541 1025 erexerunt

117 1053 266 1105 scasas
283 1069 394 1103 suas
418 1068 561 1118 supra
580 1068 744 1102 muros
763 1052 966 1101 civitatis
989 1058 1038 1101 et
1062 1051 1359 1101 intraverunt
1377 1052 1540 1102 civita-

118 1136 240 1189 tem3
286 1146 430 1195 quam
473 1146 618 1195 super
660 1129 970 1186 Christianos,
1020 1128 1222 1179 hiisdem
1265 1129 1541 1180 Christianis

118 1206 380 1263 debellatis,
411 1205 694 1263 obtinentes,
724 1222 893 1255 omnes
922 1205 1046 1255 acies
1070 1222 1153 1255 sue
1179 1206 1305 1256 intus
1327 1206 1540 1273 ingresse

120 1289 246 1334 sunt.
294 1287 422 1334 Tunc
463 1283 710 1333 Nicholaus
758 1283 1023 1349 patriarcha
1073 1283 1536 1342 herusolimitanus,

118 1360 286 1411 videns
298 1377 401 1410 rem
415 1365 512 1410 tam
531 1360 752 1419 flebilem,
774 1360 914 1410 nimis
932 1360 1132 1411 indoluit
1149 1367 1198 1411 et
1212 1361 1271 1411 ad
1291 1361 1540 1411 imminen-

118 1442 216 1486 tem
239 1442 444 1486 mortem
463 1435 774 1495 evadendam,
803 1436 850 1484 in
878 1436 1083 1501 quadam
1109 1437 1216 1485 navi
1241 1453 1334 1502 que
1362 1437 1538 1503 bargha

117 1514 374 1581 vulgariter
395 1513 583 1572 dicitur,
615 1519 667 1562 ut
691 1513 739 1562 in
765 1515 921 1579 Cypro
946 1514 1292 1572 transfretaret,
1321 1515 1539 1580 protinus

119 1607 252 1641 mare
277 1591 488 1640 intravit.

185 1668 442 1734 Fugiebant
455 1672 610 1717 autem
627 1667 847 1717 mulieres
862 1674 911 1717 et
924 1668 1058 1733 pueri
1071 1674 1119 1717 et
1131 1668 1286 1718 clerici
1298 1669 1358 1718 ad
1376 1685 1539 1719 muros

119 1761 263 1811 supra
287 1760 418 1793 mare
435 1750 484 1793 et
509 1743 740 1793 saltabant
759 1743 905 1801 infra;
932 1761 960 1792 e
985 1744 1158 1809 quibus
1182 1745 1447 1809 patriarcha
1468 1753 1539 1795 tot

118 1823 166 1872 in
185 1839 269 1872 sua
288 1821 393 1871 navi
415 1821 594 1887 recepit
614 1827 727 1886 quot
750 1821 883 1870 navis
902 1821 1130 1871 subversa
1147 1828 1220 1871 est
1238 1828 1287 1871 et
1305 1822 1384 1888 qui
1404 1830 1540 1872 erant

116 1899 166 1950 in
189 1916 243 1949 ea
267 1914 434 1948 omnes
458 1898 647 1948 fuerunt
668 1897 905 1947 subversi.
928 1901 1076 1947 Porro
1096 1900 1358 1957 Sarraceni,
1382 1899 1539 1949 Chris-

116 1976 229 2027 tiani
248 1975 487 2042 sanguinis
500 1975 776 2025 effusionem
792 1975 1028 2034 sicientes,
1048 1976 1300 2025 currebant
1310 1993 1399 2042 per
1408 1976 1538 2026 vicos

117 2053 334 2110 civitatis,
373 2053 473 2102 sine
506 2053 853 2102 intermissione
883 2053 1151 2102 occidentes
1181 2070 1348 2102 omnes
1383 2054 1538 2103 Chris-

116 2129 268 2179 tianos
293 2129 539 2194 utriusque
564 2146 707 2178 sexus
726 2134 961 2195 quotquot
981 2128 1299 2195 reperiebant.
1323 2130 1537 2179 Monachi

118 2222 306 2271 quoque
331 2211 378 2255 et
402 2205 545 2255 ceteri
570 2205 775 2271 religiosi
801 2205 988 2255 stabant
1006 2206 1051 2254 in
1073 2206 1224 2271 portis
1249 2207 1365 2261 suis,
1395 2207 1538 2256 resis—

118 2287 271 2331 tentes
291 2282 557 2331 Sarracenis
570 2282 705 2348 juxta
720 2299 879 2348 posse.
899 2283 1118 2332 Finaliter
1133 2289 1290 2332 tamen
1310 2283 1372 2332 nil
1394 2284 1538 2332 valuit

118 2357 336 2416 rebelli03
364 2375 530 2408 omnes
551 2359 677 2408 enim
694 2360 851 2425 gladio
867 2361 1128 2425 perierunt.
1150 2363 1349 2426 Insuper
1364 2361 1536 2410 decore

118 2434 342 2484 moniales
366 2441 415 2486 et
441 2436 636 2501 pulchre
661 2436 1006 2486 adolescentule
1034 2437 1352 2503 deturpabant
1376 2454 1445 2497 se,
1475 2455 1534 2487 ne

117 2511 359 2561 Sarraceni
383 2529 464 2562 eas
491 2513 881 2579 concupiscerent
912 2520 958 2562 et
987 2514 1218 2563 violarent
1246 2532 1257 2563 z
1284 2531 1394 2563 nam
1418 2532 1535 2580 que-

118 2588 228 2637 dam
247 2588 476 2639 eruebant
489 2590 649 2639 oculos
668 2607 797 2648 suos,
817 2590 905 2639 alie
920 2591 1226 2656 amputabant
1242 2608 1384 2640 nasos
1400 2609 1529 2648 suos,

118 2665 205 2714 alie
230 2682 346 2715 vero
370 2666 488 2716 labia
513 2684 614 2718 sua.
641 2671 940 2718 Postremum
959 2685 1075 2717 vero
1099 2685 1264 2718 omnes
1286 2669 1531 2719 Christiani

120 2740 167 2791 in
193 2742 379 2792 civitate
398 2744 591 2810 reperti,
613 2747 978 2795 Sarracenorum
1003 2745 1171 2811 gladiis
1189 2746 1526 2796 occubuerunt.
