1838 3164
351 309 419 346 228
623 306 993 342 cunouomurnu
1020 306 1173 341 noun
1198 306 1477 341 mfloeflffl.
1645 304 1752 350 (¹8¹6

349 389 596 446 dederunt,
625 387 835 436 dieentes
858 386 900 436 ei
924 386 1071 452 quod,
1099 386 1138 435 si
1165 385 1306 435 vellet
1327 384 1458 450 quod
1481 385 1646 435 electio
1670 388 1754 435 ue-

345 473 434 523 ret,
464 471 771 532 congregaret
798 471 982 515 ceteros
1003 464 1264 514 cardinales
1287 470 1331 514 et
1362 462 1564 514 libenter
1590 463 1754 530 exple-

346 547 450 592 rent
479 542 605 609 regis
629 541 933 592 desiderium.
961 544 1130 593 Comes
1163 547 1320 590 autem
1345 540 1460 590 abiit
1482 539 1541 589 ad
1566 539 1753 590 castella

344 626 391 668 et
404 619 614 668 abbatias
629 618 708 668 ubi
725 618 986 668 cardinales
1002 617 1313 668 secesserant¹
1323 655 1336 675 ,
1352 622 1631 682 tanmmque
1646 616 1756 666 l'eoit

344 696 470 762 apud
508 712 592 746 eos
626 696 755 762 quod
793 701 1115 745 convenerunt
1150 694 1430 761 Lugdunum
1467 694 1513 743 in
1548 692 1756 760 eapimlo

344 776 559 823 Fratrum
594 772 946 822 Predicatorum
979 771 1190 838 ejusdem
1212 772 1431 830 civitatis,
1459 771 1539 821 ubi
1571 769 1758 838 mgavit

343 866 425 900 eos
454 850 626 900 obnixe
658 850 879 915 quatinus
912 849 1137 915 eligerent
1171 851 1417 899 Summum
1452 847 1754 904 Pontificemz

343 932 506 992 postea
527 926 656 975 exiit.
684 928 832 975 Porro
863 925 1124 975 cardinales
1155 925 1348 976 fuerunt
1369 924 1557 977 duobus
1588 923 1759 975 diebus

343 1003 425 1061 ibi,
452 1002 581 1069 quod
606 1019 700 1051 non
725 1009 945 1067 poterant
970 1002 1243 1052 convenire.
1274 1005 1444 1054 Comes
1467 1018 1584 1052 veno
1607 1002 1759 1052 Pieta-

344 1080 500 1129 vensis
518 1079 577 1129 ad
598 1079 805 1145 hospicia
824 1095 990 1130 eorum
1008 1079 1243 1145 sigillatim
1262 1079 1361 1130 ibat
1377 1087 1427 1130 et
1450 1078 1759 1145 promittebat

342 1158 383 1206 ei
409 1156 605 1222 quilibet
628 1172 796 1206 eorum
818 1157 969 1206 verbo
993 1156 1124 1221 quod
1147 1172 1295 1222 opere
1321 1172 1413 1207 non
1438 1155 1709 1222 explebat&

408 1233 599 1282 Interim
623 1232 904 1291 Ludovious‚
924 1233 1117 1283 Franoie
1136 1239 1184 1283 et
1204 1236 1411 1283 Navane
1429 1248 1534 1291 rex,
1551 1230 1761 1283 unadie-

344 1327 451 1361 rum
486 1310 664 1360 abierat
701 1310 761 1360 ad
798 1326 965 1360 nemus
1002 1310 1278 1362 vicenarum
1314 1326 1455 1360 eausa
1496 1307 1757 1376 spatiandi3

344 1402 451 1436 oum
464 1392 620 1436 autem
632 1386 808 1436 ibidem
824 1386 1009 1436 luderet
1020 1385 1080 1435 ad
1094 1386 1290 1444 stolum,
1306 1386 1589 1452 intenseque
1601 1385 1759 1436 calore

344 1464 547 1512 ferveret
573 1470 623 1512 et
642 1462 706 1512 ob
731 1463 821 1513 hoo
844 1463 1046 1513 multum
1078 1463 1247 1523 sitiret,
1276 1463 1523 1514 descendit
1543 1462 1592 1513 in
1611 1476 1759 1513 unam

345 1556 535 1590 caveam
558 1541 927 1607 frigidissimam,
949 1541 1029 1590 ubi
1050 1542 1211 1590 vinum
1229 1540 1364 1590 valde
1381 1539 1606 1607 frigidum
1625 1545 1762 1606 pota-

346 1617 430 1675 vit,
459 1616 585 1666 unde
606 1624 793 1667 causata
813 1623 885 1667 est
910 1617 1113 1682 quedam
1136 1617 1402 1676 infirmitas,
1429 1616 1491 1666 de
1514 1634 1608 1683 qua
1631 1632 1763 1667 mor·

345 1700 455 1744 tuus
479 1700 568 1743 est.
590 1695 772 1760 Corpus
796 1710 913 1743 vero
937 1697 1040 1759 eJus
1061 1693 1122 1744 ad
1147 1694 1391 1744 eeclesiam
1416 1693 1542 1744 beati
1566 1692 1760 1745 Dionisii

346 1771 645 1829 transfertur,
673 1770 753 1820 ubi
771 1770 906 1837 juxta
932 1778 1118 1837 patrem
1143 1787 1281 1821 suum
1312 1770 1570 1821 honorifice
1591 1770 1763 1837 sepeli-

347 1854 441 1897 tur.
465 1848 540 1897 Sio
562 1848 721 1914 itaque
740 1848 1043 1914 migravit·ad
1063 1848 1300 1900 Christum
1324 1848 1534 1913 prefatus
1558 1847 1763 1899 Ludovi-

346 1941 429 1974 cus
463 1941 573 1984 rex,
613 1925 725 1974 alias
755 1925 945 1984 Hustin,
980 1925 1181 1975 multum
1218 1925 1279 1975 ab
1315 1924 1445 1974 omni
1481 1925 1651 1976 milicia
1688 1924 1762 1975 sui

346 2001 496 2067 regni,
516 2017 658 2067 quam
678 2000 845 2051 intimo
869 2000 1028 2051 oordis
1051 2001 1221 2051 affectu
1238 1999 1480 2069 diligebat,
1501 2001 1763 2052 lamentan-

347 2078 437 2127 dus
451 2097 464 2136 ;
481 2078 750 2144 relinquens
767 2095 829 2128 ex
843 2094 994 2129 uxore
1011 2095 1098 2128 sua
1115 2078 1377 2129 Clemenoia
1397 2079 1589 2128 unicum
1612 2078 1761 2130 fllium

348 2154 615 2218 parvulum,
643 2154 833 2204 nomine
857 2155 1134 2213 Johannem,
1162 2154 1301 2204 etatis
1326 2155 1464 2204 unius
1488 2155 1714 2206 mensis³.

397 2316 431 2352 ¹.
455 2328 472 2350 ι
559 2314 699 2353 stando
717 2315 760 2361 in
779 2314 971 2353 Valencis
991 2319 1031 2352 et
1049 2313 1247 2353 Aviniona
1272 2320 1311 2352 et
1332 2314 1424 2352 alibi
1450 2314 1517 2354 ubi
1542 2315 1762 2355 cardinales

351 2386 368 2407 α
395 2378 508 2410 erant
532 2372 740 2421 dispersi...
771 2386 788 2408 »
815 2372 931 2421 (Bibl.
958 2377 1058 2420 nat„
1085 2371 1198 2410 fonds
1225 2372 1350 2424 trane.
1377 2372 1510 2422 23256,
1537 2373 1603 2412 fol.
1625 2374 1686 2413 55.
1714 2395 1761 2402 —

351 2431 408 2469 Cf.
431 2428 594 2471 Grandes
613 2433 853 2479 chroniqua,
877 2438 906 2470 t.
929 2431 981 2479 V,
999 2443 1038 2480 p.
1058 2431 1157 2478 228.)

396 2491 432 2528 2.
454 2491 600 2529 Toutes
620 2492 677 2530 les
697 2491 932 2541 chroniquas
957 2490 1199 2530 s'accordent
1217 2502 1316 2539 pour
1334 2491 1583 2530 reconnaitre
1600 2491 1761 2532 remea-

352 2547 427 2585 cite
440 2547 488 2586 de
503 2548 796 2587 l'intervention
809 2548 860 2586 du
874 2553 1003 2587 comte
1014 2547 1063 2586 de
1078 2548 1258 2599 Poitiers.
1275 2548 1347 2596 (Cf.
1363 2548 1541 2588 Bemard
1555 2549 1648 2598 Gui,
1661 2550 1763 2599 apud

351 2606 514 2655 Baluze,
531 2609 614 2646 Vita
622 2619 815 2656 paparum
826 2609 1148 2652 santonensium,
1162 2612 1191 2645 t..
1203 2607 1238 2656 1,
1249 2607 1324 2646 ool.
1339 2607 1406 2656 62;
1417 2607 1584 2647 Amori
1595 2607 1762 2659 Augior,

352 2667 461 2712 lbra..
485 2667 558 2706 001.
584 2668 680 2716 112.)
735 2690 739 2692 -

401 2726 433 2762 3.
456 2726 572 2774 G’sst,
598 2739 650 2765 an
677 2728 782 2776 aflet,
811 2728 924 2776 apros
951 2726 1060 2765 avoir
1081 2726 1175 2775 ioue
1198 2726 1223 2763 a
1250 2726 1289 2764 la
1311 2738 1454 2776 paume
1480 2739 1572 2777 que,
1595 2738 1695 2777 pour
1718 2739 1761 2766 se

354 2784 571 2833 rafraichir,
585 2786 703 2823 Louis
718 2787 754 2823 X
774 2786 844 2824 but
857 2787 908 2824 du
923 2787 989 2824 vin
1002 2787 1083 2823 tres
1097 2785 1207 2822 froid.
1225 2786 1315 2824 Une
1328 2786 1520 2835 pleuresin
1533 2797 1577 2826 se
1589 2786 1760 2835 declara,
