1838 3164
125 265 345 313 taos-131⁴]
401 268 772 303 cmxouomurma
796 268 950 302 luzam(
974 267 1253 302 mucetum.
1459 263 1526 300 183

186 351 334 398 Porro
358 365 445 397 rex
469 347 633 415 Anglie
663 346 838 396 direxit
859 347 1007 395 aciem
1038 363 1171 396 suam
1201 346 1282 396 ubi
1307 362 1395 412 per
1416 345 1528 394 insi-

121 425 328 475 diatores
359 424 536 475 sciebat
563 440 668 474 esse
691 438 852 491 regem
880 423 1053 472 Scotie.
1081 425 1197 473 Cum
1221 423 1364 489 igitur
1386 439 1527 488 apro-

122 503 405 569 pinquarent
423 501 511 551 sibi
535 500 754 558 invicem,
782 516 870 549 rex
893 499 1047 548 Scotie
1072 500 1244 548 levavit
1267 499 1450 549 hastam
1473 496 1527 548 ut

121 583 386 645 percuteret
417 591 579 643 regem
608 574 788 641 Anglie.
820 578 919 625 Rex
952 590 1066 623 vero
1095 574 1343 623 declinavit
1372 573 1526 639 capud

123 671 261 706 suum
278 655 492 720 ictusque
507 651 751 703 descendit
765 668 909 718 super
927 651 1171 700 brachium
1187 651 1347 701 militis
1364 658 1527 702 tenen-

121 732 182 781 tis
224 731 408 781 frenum
455 728 565 795 equi
611 727 760 795 regis,
808 727 888 793 qui
932 727 1189 777 vocabatur
1233 727 1426 793 Egidius
1467 727 1527 776 de

121 807 392 875 Argentolio
414 824 425 855 ε
454 804 586 872 cujus
607 804 799 870 quidem
819 804 1061 855 brachium
1085 804 1272 870 penitus
1290 803 1526 854 abscisum

119 882 343 933 remansit
366 881 578 948 pendens
601 880 661 930 ad
681 880 884 930 frenum.

182 958 359 1010 Deinde
386 958 509 1009 Scoti
540 975 636 1009 uno
667 958 846 1023 impetu
880 957 1118 1008 irruerunt
1151 957 1199 1008 in
1229 957 1449 1024 Anglicos
1480 965 1527 1007 et

119 1036 333 1087 vicerunt
355 1052 455 1086 eos.
478 1038 576 1085 Rex
602 1051 719 1101 ergo
737 1035 902 1102 Anglie
920 1035 1010 1085 hoc
1025 1034 1311 1101 percipiens,
1335 1035 1529 1085 divertit

14 1166 17 1167 γ
117 1114 271 1182 capud
295 1114 403 1180 equi
429 1114 499 1164 sui
525 1118 581 1163 et‘
603 1113 738 1180 fugit.
765 1114 915 1164 Scotis
938 1130 1056 1164 vero
1079 1113 1333 1164 crudeliter
1357 1129 1527 1163 necan-

116 1192 242 1242 tibus
261 1190 497 1258 Anglicos,
516 1190 738 1241 dominus
754 1190 990 1241 Johannes
1007 1191 1180 1258 Duglas
1194 1207 1284 1258 per
1299 1190 1526 1241 directiva

115 1270 299 1319 viarum
323 1284 518 1318 cui-rens
541 1268 602 1318 ad
625 1268 999 1318 antecedendum
1017 1285 1179 1335 regem
1202 1268 1383 1335 Anglie,
1410 1267 1526 1318 vidit

116 1347 271 1413 ipsum
291 1350 613 1395 transeuntem
635 1362 723 1412 per
739 1345 994 1411 quemdam
1017 1362 1238 1411 passum;
1260 1345 1526 1411 percipiens

115 1428 272 1474 autem
291 1422 419 1488 quod
439 1439 549 1472 eum
567 1422 970 1488 comprehendere
990 1439 1082 1472 non
1105 1429 1282 1489 posset,
1305 1439 1526 1472 reversus

115 1506 188 1550 est
202 1500 424 1550 occidens
440 1516 605 1550 omnes
621 1505 856 1566 quotquot
870 1499 1092 1549 obviabat
1106 1518 1118 1557 ;
1138 1499 1349 1564 viditque
1364 1516 1525 1549 rever-

116 1577 260 1628 tendo
284 1577 507 1627 comitem
539 1577 600 1627 de
629 1576 865 1634 Harefort‚
894 1576 975 1641 qui
1000 1577 1153 1627 victus
1184 1575 1392 1642 fugiebat
1418 1593 1525 1625 ver-

116 1671 197 1705 sus
215 1653 422 1720 quodam
449 1653 554 1720 (sic)
580 1658 717 1703 vetus
736 1653 998 1711 castellum,
1026 1653 1106 1703 ubi
1131 1659 1321 1703 coactus
1345 1669 1396 1702 se
1416 1653 1524 1702 red-

115 1730 236 1781 didit
257 1736 303 1780 et
328 1730 498 1780 ductus
521 1735 596 1779 est
623 1730 839 1795 captivus
862 1729 923 1779 ad
953 1746 1115 1796 regem
1147 1730 1317 1780 Scotie.
1345 1730 1525 1780 Accidit

114 1814 271 1859 autem
289 1807 414 1859 istud
433 1807 607 1857 bellum
623 1807 671 1856 in
690 1807 895 1857 crastino
914 1806 1038 1857 beati
1053 1807 1279 1859 Johannis
1295 1808 1520 1873 Baptiste,

114 1901 238 1935 anno
262 1883 446 1935 Domini
470 1882 526 1934 ι’
541 1883 648 1934 000⁰
664 1883 758 1935 ¹1⁰¹
770 1922 781 1933 .
1174 1939 1181 1945 ,

178 1963 396 2011 Preterea
426 1960 690 2018 Almanni2,
717 1960 799 2025 qui
832 1966 942 2025 post
969 1966 1175 2010 mortem
1202 1960 1399 2019 Alberti,
1431 1963 1524 2011 Ro-

115 2053 363 2088 manorum
378 2037 522 2104 regis,
538 2037 681 2104 longo
699 2047 916 2103 tempore
929 2054 1041 2103 rege
1055 2043 1321 2094 caruerant,
1340 2043 1521 2088 tantum

115 2114 425 2164 incitaverunt
453 2113 655 2163 barones
685 2113 746 2162 ad
773 2130 894 2178 quos
918 2113 1160 2178 spectabat
1184 2113 1349 2163 electio
1374 2114 1523 2179 impe-

114 2190 309 2249 ratoris,
351 2189 480 2256 quod
519 2190 633 2255 ipsi,
668 2206 807 2239 causa
844 2189 981 2256 hujus
1016 2190 1194 2256 pariter
1228 2191 1517 2257 congregati,

113 2268 356 2334 elegerunt
390 2267 660 2326 Henrieum,
697 2267 1160 2333 Luxemburgensem
1195 2267 1434 2325 comitem,
1473 2267 1520 2316 in

130 2450 137 2458 ‚
163 2403 197 2439 1.
219 2401 322 2439 C’est
362 2401 400 2439 la
434 2401 590 2440 bataille
626 2402 672 2439 de
710 2401 1051 2440 Bannock-Burn
1082 2401 1147 2451 qui
1185 2401 1242 2439 rut
1271 2401 1415 2450 perduc
1450 2412 1522 2450 par

113 2459 293 2498 Edouard
319 2459 356 2497 11
382 2459 419 2497 le
444 2460 491 2498 25
514 2459 601 2509 juin
635 2460 736 2498 ¹314.
765 2460 820 2498 Cf.
852 2461 1061 2506 Chronique
1091 2459 1142 2497 du
1174 2459 1449 2498 continuateur
1472 2459 1519 2496 de

115 2519 338 2557 Guillaume
357 2518 403 2556 de
423 2518 573 2567 Nangis
594 2521 635 2565 (t.
657 2518 691 2565 1,
710 2530 749 2568 p.
769 2519 838 2556 408
858 2524 897 2555 et
917 2517 1012 2564 409).

161 2577 197 2614 2.
219 2576 293 2614 Les
312 2577 424 2615 mm
441 2580 475 2614 σε
493 2578 685 2624 oronim
703 2578 746 2614 de
758 2579 944 2620 mandras,
961 2576 1134 2625 publiees
1152 2587 1223 2625 par
1236 2576 1270 2613 le
1283 2576 1406 2614 baron
1422 2576 1518 2614 Ker-

116 2647 194 2685 vyn
212 2635 259 2673 de
280 2635 534 2681 Lettenhove.
555 2642 792 2685 reprennent
805 2636 857 2674 ici
879 2636 964 2673 leur
982 2635 1078 2674 tecit
1097 2641 1141 2677 (t.
1159 2635 1193 2682 I,
1213 2647 1251 2684 p.
1271 2635 1370 2678 295).
1390 2635 1517 2674 1,·ὀῶ-

114 2694 197 2732 tion
217 2694 285 2731 des
304 2695 507 2732 Anoionnaes
528 2694 745 2743 chroniques
763 2696 806 2733 de
821 2695 980 2732 manare
1000 2695 1148 2740 (Histor.
1169 2696 1213 2731 do
1229 2695 1305 2740 Fr„
1327 2699 1357 2732 t.
1379 2693 1516 2740 XXII,

114 2765 150 2802 p.
174 2752 254 2798 399)
276 2763 387 2800 passe
406 2752 663 2792 entierement
683 2764 775 2792 sous
795 2754 940 2792 silence
961 2758 1023 2791 cet
1042 2752 1209 2803 episode.
