1838 3164
104 278 210 326 1314]
382 279 755 314 cmxonomurms
779 278 933 312 uem(
957 276 1236 310 muconmt.
1440 270 1507 308 217

166 364 312 410 Porro
346 360 702 426 prenominatus
737 356 983 406 cardinalis
1019 361 1203 405 tantum
1239 355 1348 404 feeit
1383 354 1511 420 apud

100 454 262 504 regem
286 437 415 503 quod
448 437 681 486 exereitus
710 450 805 484 non
837 438 948 482 sunt
977 433 1093 482 moti
1121 438 1286 483 eontra
1313 431 1512 482 Flamin-

98 531 203 581 gos.
237 514 412 565 Deinde
443 514 577 563 saetis
603 509 887 578 quibusdam
916 509 1357 568 assecurationibus,
1385 509 1512 558 idem

99 592 345 643 cardinalis
375 591 490 641 abiit
519 590 568 639 in
598 587 863 639 Flandriam
893 602 1002 636 cum
1031 603 1125 635 uno
1155 586 1215 635 de
1238 586 1513 636 consiliariis

98 669 242 735 regis,
262 668 437 719 scilieet
452 671 741 733 lngerranno
757 663 819 713 de
834 662 1115 729 Margaiaoo,
1132 662 1214 727 qui
1230 679 1371 727 posse
1387 662 1513 728 regis

100 746 319 804 habebat,
347 744 583 809 lowtique
606 747 716 792 sunt
739 757 848 790 cum
876 739 1129 805 Flamingis
1157 746 1206 788 et
1235 755 1514 804 composue-

98 830 211 873 runt
243 821 478 880 inducias,
512 819 737 870 durantes
766 834 916 884 usque
948 816 1011 867 ad
1039 815 1312 883 proximum
1343 816 1514 865 festum

97 899 253 949 Sancti
268 902 293 949 J
295 898 492 948 ohannis
504 896 711 961 Baptiste
722 895 759 945 ¹.
777 894 955 945 Idcirco
970 893 1207 944 exercitus
1218 898 1512 943 recesserunt

99 981 145 1025 et
169 975 284 1025 abiit
308 974 509 1041 quisque
534 973 583 1022 in
609 979 786 1022 terram
810 988 962 1022 suam.

163 1056 479 1119 Ingerrannus
502 1056 662 1101 autem
685 1050 746 1100 de
770 1048 1052 1116 Margniaom
1081 1053 1183 1098 tum
1206 1046 1316 1113 quia
1340 1045 1514 1095 ibidem

97 1134 144 1179 et
169 1128 278 1179 alibi
302 1128 456 1179 fuerat
480 1128 802 1178 locumtenens
821 1125 965 1192 regis,
986 1130 1088 1174 tum
1114 1139 1203 1190 pro
1226 1122 1365 1172 dietis
1388 1127 1517 1172 treu-

98 1208 188 1273 gis,
216 1207 325 1272 quia
350 1207 550 1257 libenter
573 1205 656 1255 filii
684 1205 810 1271 regis
840 1210 888 1253 et
917 1202 1122 1253 maxime
1153 1200 1513 1267 primogenitus,
1564 1252 1571 1264 ,

99 1284 275 1334 scilieet
298 1283 581 1341 Ludovicus,
607 1298 694 1331 rex
717 1285 942 1339 Navem-e,
970 1284 1260 1346 pugnassent
1282 1293 1392 1327 oum
1417 1277 1518 1326 Fla-

99 1361 287 1427 mingis‚
319 1366 422 1411 tum
458 1359 606 1426 (quia)
637 1357 920 1424 quibusdam
946 1356 1048 1407 aliis
1075 1355 1246 1415 causis,
1278 1371 1444 1404 onmes
1468 1354 1514 1403 in

100 1439 173 1489 sui
195 1438 360 1489 odium
385 1437 641 1487 incitavit².

164 1514 299 1566 Unde
322 1531 432 1565 oum
458 1514 673 1572 Karolus,
699 1528 859 1563 eomes
882 1511 1069 1570 valesii,
1091 1526 1345 1577 germanus
1368 1510 1513 1576 regis,

100 1593 182 1659 qui
202 1592 380 1659 majore
401 1597 565 1641 eontra
590 1607 700 1640 eum
724 1588 898 1639 invidia
922 1594 1080 1638 motus
1095 1593 1215 1646 erat,
1234 1586 1436 1637 redisset
1457 1587 1515 1636 ad

100 1685 282 1735 regem,
315 1668 435 1717 dixit
463 1667 506 1717 ei
531 1666 660 1733 quod
683 1683 777 1716 non
805 1670 907 1716 erat
935 1680 1124 1714 neeesse
1148 1663 1354 1729 aliquem
1377 1663 1446 1711 ire
1471 1662 1516 1711 in

101 1745 366 1796 Flandriam
391 1744 452 1794 ad
477 1743 732 1810 imperium
754 1742 879 1809 ejus,
907 1747 1069 1807 preter
1093 1740 1246 1790 solum
1274 1744 1520 1806 lngerran-

101 1838 239 1880 num,
282 1821 591 1871 camerarium
627 1836 764 1870 suum
802 1837 811 1868 :
856 1838 877 1865 ‹
921 1818 1151 1879 Quoniam
1183 1817 1312 1883 ipse,
1347 1816 1516 1881 inquit,

105 1918 127 1947 ι
156 1898 264 1950 facit
283 1915 450 1966 paoem
465 1904 512 1948 et
530 1913 755 1964 guerram
775 1895 835 1946 ad
860 1912 945 1947 sue
970 1895 1155 1945 libitum
1179 1893 1463 1951 voluntatis3
1495 1913 1515 1939 ι

102 1975 191 2026 hoo
214 1975 434 2026 addendo
456 1976 586 2042 quod
615 1973 867 2040 proposuit
892 1971 1064 2022 amodo
1087 1978 1285 2038 propter
1307 1971 1398 2020 hoc
1422 1987 1517 2019 non

101 2052 264 2103 vestiri
304 2053 447 2103 loriea
481 2070 492 2101 :
532 2068 646 2118 rege
690 2067 881 2116 semper
923 2049 1145 2099 eumdem
1187 2051 1515 2115 Ingerranum‚

102 2146 246 2195 quem
268 2129 404 2181 valde
428 2130 670 2196 diligebat,
698 2133 1009 2195 supportante
1034 2142 1088 2176 ac
1107 2142 1217 2176 eum
1240 2131 1512 2174 excusante.

102 2208 178 2257 Sic
201 2224 316 2274 ergo
339 2207 662 2258 continuatum
694 2211 767 2255 est
790 2205 954 2256 odium
983 2203 1210 2269 quamdiu
1235 2219 1323 2252 rex
1348 2202 1514 2250 vixit'.

104 2342 382 2391 particularite.
413 2342 470 2381 La
498 2343 709 2389 chronique
736 2341 942 2378 nomando
971 2341 1020 2387 (p.
1049 2339 1107 2385 30)
1138 2338 1279 2386 abi-ege
1307 2336 1331 2374 ὃ,
1359 2335 1515 2374 l’sxces.

104 2400 235 2446 Quant
249 2412 326 2439 aux
339 2401 545 2440 Amicum
558 2402 780 2446 chroniqaos
792 2401 834 2437 do
848 2400 1007 2436 flandra
1021 2399 1172 2446 (Histor-
1187 2398 1230 2434 do
1244 2398 1323 2444 Fr„
1332 2400 1362 2432 t.
1378 2393 1516 2442 xxn,

103 2471 140 2508 p.
162 2460 260 2508 101),
281 2460 376 2499 elles
402 2459 670 2510 roproduisent
695 2464 807 2497 notre
835 2458 944 2496 tecit.
969 2458 1039 2505 (Cf.
1062 2459 1173 2494 moro
1198 2460 1231 2493 ot
1257 2456 1449 2501 croniques
1473 2454 1516 2490 da

104 2521 291 2565 flandros,
315 2524 344 2557 t.
365 2519 400 2565 Ι,
419 2531 457 2568 p.
479 2519 576 2564 301.)

154 2580 187 2616 1.
210 2578 393 2617 L’aeeord
412 2578 470 2617 fut
491 2578 631 2618 conclu
652 2579 686 2616 lo
708 2578 752 2616 13
772 2577 990 2627 septembre
1011 2575 1116 2614 1314.

149 2638 186 2677 2.
208 2638 267 2676 Cf.
291 2639 454 2677 Grandes
473 2639 710 2686 Chr-uniquus,
732 2643 762 2676 t.
785 2637 837 2684 V,
857 2649 894 2686 p.
914 2636 998 2675 ⁴208.

153 2697 187 2734 3.
209 2697 284 2734 Les
308 2698 511 2735 Ancionms
536 2698 754 2744 chronique·
779 2698 822 2734 do
847 2696 1006 2733 planare
1030 2697 1189 2743 passent
1214 2691 1515 2739 completemant

108 2765 151 2792 ce
163 2765 324 2804 passage
338 2755 496 2794 relatis&
506 2755 762 2805 Enguerrand
770 2754 816 2792 de
828 2754 1022 2803 Marigny.
1034 2754 1184 2799 (Hister.
1196 2753 1238 2788 do
1249 2752 1324 2794 ἢ..
1337 2754 1367 2788 t.
1378 2746 1514 2792 XXII,
