1838 3164
354 278 421 315 192
624 277 993 312 cunouoomnu
1019 277 1171 311 amun
1197 277 1477 312 muco-uu.
1645 275 1751 321 {¹3¹2

351 376 495 408 unum
547 357 740 414 solium,
786 356 947 423 gallice
990 374 1000 404 z
1053 356 1331 421 fundanus,
1379 356 1547 422 pannis
1598 357 1753 407 aureis

350 440 627 500 coopertum
658 440 801 499 atque
829 432 1058 500 jocalibus
1096 433 1454 498 preciosissimis
1479 433 1748 483 ornatum¹.

348 512 523 561 Deinde
559 511 697 578 legati
732 510 970 561 duxerunt
1004 526 1113 561 eum
1146 510 1191 559 in
1229 509 1496 569 eoclesiam;
1530 509 1609 561 ubi
1645 526 1753 560 cum

347 595 487 648 esset,
521 589 724 639 barones
753 594 985 638 exuerunt
1017 604 1125 638 eum
1156 587 1367 638 vestibus
1401 587 1499 638 suis
1532 586 1755 637 calcisve-

346 671 550 731 runtque
576 681 686 715 eum
709 665 995 715 sotularibus
1025 664 1196 723 aureis,
1230 664 1310 730 qui
1342 663 1549 714 sandalia
1577 678 1755 714 nuncu·

347 748 546 808 pantur;
572 742 713 791 etiam
734 741 988 791 induerunt
1011 756 1120 790 eum
1145 741 1299 791 tunica
1328 747 1378 790 et
1402 739 1623 791 mantello
1640 755 1755 806 pur·

344 835 512 884 pureo‚
536 819 776 869 herminiis
801 818 1033 876 foderato,
1053 823 1407 884 posueruntque
1426 817 1473 867 in
1487 833 1630 867 manu
1652 816 1755 883 cius

342 896 528 946 sinistra
547 911 742 961 pomum
759 910 972 952 aureum,
994 894 1172 944 habens
1194 910 1386 945 crucem
1404 894 1451 943 in
1478 892 1751 944 summitate

344 973 415 1022 sui
449 972 795 1038 superpositam
825 989 835 1020 ε
864 970 993 1036 quod
1017 970 1211 1036 quidem
1242 987 1440 1037 pomum
1472 969 1752 1037 designabat

342 1051 678 1115 imperatorem
718 1047 870 1097 tocius
909 1046 1075 1097 mundi
1114 1047 1215 1096 fore
1256 1047 1584 1105 monarcham,
1631 1062 1753 1096 crux

341 1132 499 1175 autem
519 1125 816 1191 superposita
836 1124 1005 1175 Christi
1026 1123 1258 1190 passionis
1271 1124 1434 1191 jugem
1453 1123 1749 1175 memoriam.

342 1207 391 1252 ln
426 1203 620 1252 dextera
650 1218 765 1251 vero
795 1218 938 1251 manu
966 1200 1176 1268 gladium
1205 1200 1508 1268 evaginatum
1541 1198 1750 1258 meh-i.

340 1280 386 1328 in
413 1279 599 1345 signum
622 1278 762 1344 gladii
787 1273 1042 1328 materialis
1060 1277 1123 1328 ad
1155 1294 1300 1343 quem
1333 1286 1501 1328 omnes
1534 1275 1752 1343 oppressi

341 1354 514 1405 habent
537 1371 800 1415 recurrere,
828 1354 889 1405 de
913 1371 1010 1421 quo
1033 1355 1228 1405 ecclesia
1252 1361 1326 1405 est
1349 1353 1650 1405 defensanda.

403 1433 578 1483 Deinde
611 1432 750 1499 legati
781 1448 890 1482 cum
925 1430 1199 1491 baronibus,
1232 1448 1427 1482 ascenso
1463 1431 1752 1498 imperatore

342 1526 486 1574 super
524 1509 699 1559 dictam
738 1509 927 1568 sedem,
966 1509 1296 1574 imposuerunt
1337 1507 1573 1575 dyadema
1610 1508 1753 1575 capiti

341 1585 466 1651 ejus:
481 1584 611 1650 quod
626 1584 820 1649 quidem
836 1584 1069 1649 dyadema
1083 1584 1130 1634 in
1146 1583 1343 1634 modum
1361 1599 1536 1634 corone
1554 1582 1748 1642 sadum,

335 1661 554 1727 superius
576 1667 679 1711 erat
702 1667 892 1711 acutum
916 1667 964 1711 et
987 1661 1035 1711 in
1053 1661 1155 1727 ejus
1177 1660 1451 1711 summitate
1466 1661 1558 1711 ilos
1581 1659 1751 1726 imple·

337 1744 413 1787 tus
440 1738 674 1803 lapidibus
703 1738 930 1803 preciosis
957 1738 1200 1797 scituatus,
1234 1739 1281 1787 in
1306 1739 1495 1805 signum
1518 1736 1650 1803 quod
1673 1736 1751 1788 illa

337 1832 511 1865 corona
535 1832 679 1882 super
703 1832 870 1866 omnes
892 1816 1007 1865 alias
1030 1815 1266 1865 eminebat
1276 1816 1314 1864 ².

401 1896 459 1942 Et
490 1892 734 1943 sciendum
765 1899 839 1942 est
868 1892 998 1957 quod
1030 1909 1115 1942 rex
1144 1895 1466 1942 Romanorum
1495 1898 1751 1942 comnatur

335 1969 542 2035 tripplici
582 1985 775 2019 corona.
814 1969 970 2019 Prima
999 1975 1074 2019 est
1102 1969 1280 2027 ferrea,
1314 1985 1459 2035 quam
1491 1968 1660 2034 recipit
1688 1967 1749 2018 ab

335 2046 689 2112 archiepiscopo
720 2046 983 2096 Coloniensi
1010 2046 1310 2112 Aquisgrani,
1344 2045 1558 2112 ejusdem
1592 2045 1750 2096 dioce-

334 2124 426 2182 sis;
455 2124 636 2174 ferrum
660 2129 819 2173 autem
837 2123 1161 2174 fortitudinem
1186 2123 1420 2190 designat,
1443 2140 1537 2188 qua
1557 2123 1749 2174 vinca-e

334 2199 475 2248 debet
511 2199 710 2249 rebelles
748 2206 796 2248 et
834 2199 1047 2249 infideles
1090 2199 1380 2249 conculcare.
1426 2198 1640 2250 Secunda
1675 2204 1749 2248 est

333 2282 575 2342 argentea,
617 2293 761 2341 quam
803 2276 1043 2343 ingressus
1090 2276 1294 2335 Italiam,
1341 2294 1366 2324 a
1413 2274 1746 2326 Mediolanensi

382 2414 416 2449 1.
438 2413 492 2450 Le
518 2419 830 2451 couronnement
856 2413 914 2451 fut
939 2412 1091 2451 celebre
1117 2412 1153 2451 le
1177 2413 1223 2450 29
1243 2412 1329 2461 juin
1357 2411 1449 2450 13¹2
1467 2411 1492 2448 a
1510 2411 1744 2450 saint-sm

333 2470 380 2507 de
400 2471 546 2508 Latran
565 2476 603 2509 et
623 2483 702 2509 non
721 2482 791 2520 pas
810 2471 834 2508 a
853 2470 1144 2518 Saint-Pierre3
1164 2470 1192 2507 il
1212 2470 1294 2508 faut
1313 2471 1465 2520 ajouter
1481 2470 1599 2520 qu'on
1618 2469 1747 2508 hesim

335 2530 554 2578 longtemps
578 2537 617 2568 et
641 2542 716 2579 que
745 2532 783 2568 la
809 2531 973 2568 balance
1003 2530 1108 2567 avait
1138 2541 1235 2578 paru
1266 2531 1439 2578 pencher
1462 2541 1513 2568 en
1539 2530 1675 2567 favour
1697 2528 1744 2567 de

334 2588 618 2627 Saint-Pierre.
640 2590 857 2638 (Muratori‚
876 2595 906 2628 t.
926 2589 1004 2637 IX,
1023 2589 1096 2627 col.
1118 2588 1186 2626 917
1207 2590 1231 2626 ὁ,
1249 2589 1348 2635 919.)

355 2669 358 2671 -
380 2648 415 2685 2.
437 2649 491 2686 Le
505 2654 816 2686 couronnement
829 2648 1006 2697 imperial
1019 2653 1080 2686 est
1093 2650 1254 2686 raconte
1272 2648 1388 2686 d'une
1407 2648 1522 2698 facon
1540 2647 1743 2685 differente

332 2706 430 2743 dans
449 2707 506 2744 les
524 2708 689 2746 Grandes
707 2708 934 2755 Chroniquoe
953 2710 996 2754 (t.
1011 2707 1062 2755 V,
1075 2719 1114 2756 p.
1138 2707 1234 2755 197),
1254 2708 1320 2756 qui
1339 2707 1468 2746 disent
1485 2717 1580 2745 avec
1598 2705 1743 2744 exacti-

333 2765 424 2818 tude
442 2766 534 2814 qu'il
554 2767 611 2804 fut
631 2767 783 2805 celebre
803 2768 825 2804 zi
847 2767 1081 2805 Saintnlean
1101 2766 1147 2804 de
1167 2767 1325 2804 Latran.
