1838 3164
131 260 236 308 ¹308]
402 262 773 297 cunonoomu’nu
797 261 951 296 mun
975 261 1256 297 muconmt.
1467 256 1533 294 173

127 343 350 408 episcopo
375 342 691 392 Cantuariensi
714 341 762 390 in
785 356 949 406 regem
971 341 1260 391 sollemniter
1283 346 1535 391 coronatus

127 426 216 469 est.

191 499 258 546 Eo
282 496 516 562 siquidem
538 500 773 559 tempore,
795 508 905 542 cum
928 493 1141 557 predicta
1159 512 1255 560 pax
1273 495 1395 544 facta
1411 499 1538 543 esset

127 590 236 623 cum
247 573 515 640 Flamingis,
535 571 792 635 Philippus,
810 572 1097 619 Francorum
1112 588 1216 629 rex,
1234 572 1538 622 considerans

128 650 453 715 antiquitatem
496 648 568 698 sui
603 646 770 712 palacii
811 646 983 713 regalis
1024 647 1299 698 Parisiensis
1341 665 1396 698 ac
1437 649 1539 714 ejus

128 732 428 785 vetustatem,
456 724 571 775 illud
594 723 704 773 fecit
722 723 847 772 dirui
864 723 1077 774 funditus
1100 730 1148 774 et
1166 725 1269 774 solo
1286 731 1413 775 terre
1432 741 1539 774 coe-

128 802 262 868 quari
280 808 328 852 et
346 801 471 852 aliud
490 817 667 851 novum
684 799 861 850 ibidem
874 799 1139 851 admirandi
1153 801 1313 868 operis
1329 804 1538 851 construi

127 896 182 929 ac
205 895 294 946 per
309 895 483 946 gnaros
506 878 709 928 artifices
726 883 775 927 et
798 877 1099 929 doctissimos
1122 879 1368 945 operarios
1391 878 1540 929 unde-

102 961 327 1023 'cumque
359 955 638 1022 exquisitos,
673 971 784 1004 cum
814 955 1034 1005 omnibus
1058 956 1255 1006 edificiis
1279 955 1369 1006 sibi
1394 955 1542 1022 perti-

126 1033 346 1083 nentibus
371 1031 638 1082 notabiliter
669 1030 897 1090 edificari,
931 1032 1294 1099 ymaginemque
1326 1032 1400 1082 sui
1433 1047 1540 1081 cum

129 1109 423 1176 ymaginibus
455 1108 669 1158 omnium
708 1124 877 1175 regum
914 1109 1108 1159 Francie
1150 1109 1543 1175 predecessorum

129 1203 324 1236 suorum
337 1225 348 1245 ,
392 1187 652 1236 introrsum
686 1185 899 1252 ejusdem
931 1185 1191 1251 parietibus
1223 1186 1368 1253 affigi.
1410 1188 1542 1236 Tanti

129 1280 333 1329 namque
350 1269 399 1313 et
416 1268 513 1313 tam
532 1262 909 1313 excellentissimi
927 1263 1087 1328 operis
1105 1268 1178 1314 est
1197 1268 1538 1322 constructum,

129 1340 257 1406 quod
274 1340 542 1406 pulcritudo
553 1340 593 1406 ej
599 1357 654 1390 us
668 1346 862 1406 superat
875 1357 930 1390 ac
943 1340 1130 1391 excedit
1142 1342 1300 1391 omnia
1311 1342 1400 1391 alia
1412 1342 1541 1407 pala-

128 1416 198 1466 cia
227 1415 400 1483 regalia
424 1431 832 1482 quorumcumque
856 1432 1024 1483 regum
1053 1433 1137 1467 seu
1163 1434 1419 1484 regnorum
1443 1417 1542 1467 fere

128 1493 272 1543 totius
296 1491 699 1543 Christianitatis¹.

192 1573 411 1619 Preterea
426 1569 607 1619 eisdem
622 1568 916 1635 temporibus
934 1569 1080 1619 multa
1099 1569 1314 1619 miranda
1330 1570 1377 1619 in
1391 1586 1540 1636 regno

129 1646 320 1696 Francie
349 1646 623 1695 acciderunt
652 1663 662 1693 :
693 1645 822 1695 venit
851 1644 979 1694 enim
1007 1645 1055 1694 in
1077 1645 1247 1695 eodem
1272 1651 1399 1695 secta
1423 1662 1543 1712 quo-

129 1723 348 1774 rumdam
369 1723 613 1773 hominum
634 1722 871 1772 hostiatim
890 1721 1282 1782 mendicancium,
1310 1723 1391 1789 qui
1417 1723 1543 1774 dice-

131 1803 302 1853 bantur
323 1802 486 1869 gallice
510 1819 521 1850 :
544 1801 635 1851 Loe
660 1800 810 1859 Diem·
833 1800 898 1850 hii
921 1801 1096 1852 etenim
1118 1800 1179 1851 de
1202 1802 1383 1852 burello
1407 1808 1543 1852 erant

129 1877 303 1936 vestiti,
326 1878 465 1945 longa
487 1877 767 1928 vestimenta
792 1894 942 1944 usque
963 1878 1024 1927 ad
1046 1883 1224 1928 terram
1242 1878 1472 1929 babentes
1495 1885 1544 1928 et

129 1955 293 2006 subter
315 1955 530 2021 corrigiis
553 1954 615 2004 de
635 1955 767 2004 corio
789 1971 899 2005 cum
924 1955 1031 2021 pilis
1052 1961 1187 2005 erant
1206 1955 1365 2005 cincti.
1389 1956 1542 2006 Habe-

179 2100 213 2136 1.
236 2097 298 2136 On
316 2103 469 2143 trouve,
483 2096 582 2135 dans
602 2108 655 2134 un
673 2097 828 2146 joui-nal
847 2096 899 2134 du
912 2096 1056 2134 Tresor
1067 2095 1115 2134 de
1129 2095 1307 2145 Philippo
1327 2095 1362 2133 le
1383 2095 1471 2143 Bel,
1487 2108 1541 2135 un

134 2157 283 2196 certain
298 2156 459 2195 nombre
473 2155 519 2194 de
533 2155 730 2194 mentions
750 2156 932 2193 relatives
946 2166 1023 2192 aux
1036 2154 1226 2203 depensos
1240 2155 1543 2204 qu'oeeasionna

134 2224 236 2256 cette
267 2216 578 2256 reconstruction
590 2229 599 2261 ;
633 2217 690 2254 les
723 2216 940 2264 paiements
972 2226 1014 2253 se
1043 2214 1223 2253 faisaient
1251 2215 1274 2252 a
1307 2227 1362 2253 un
1393 2217 1543 2255 certain

133 2275 279 2325 Juques
297 2275 433 2324 Lucio,
452 2275 518 2325 qui
543 2275 669 2325 pai-ait
689 2275 798 2313 avoir
815 2275 877 2312 ete
902 2275 1046 2323 charge
1065 2273 1112 2311 de
1133 2284 1197 2312 ces
1223 2279 1401 2313 travaux.
1423 2275 1541 2323 (Bibl.

135 2342 234 2382 nat„
254 2335 321 2372 lat.
342 2334 449 2383 9783,
470 2334 534 2373 fol.
555 2334 601 2372 97
622 2342 678 2382 νο,
699 2334 720 2371 3
742 2341 792 2381 τ’,
813 2334 880 2371 ΗΔ
900 2338 954 2380 ν’,
970 2334 1015 2371 55
1035 2333 1141 2379 r·,87
1162 2338 1235 2374 ν’.)
1253 2354 1301 2363 —-
1321 2333 1380 2372 Cf.
1399 2334 1544 2373 Bouta-

135 2395 190 2433 ric
204 2423 215 2442 ,
244 2395 454 2433 nechoram
485 2394 777 2440 archooloqiques
807 2403 875 2430 sur
905 2395 935 2430 lo
962 2394 1089 2430 Puluis
1118 2394 1161 2430 do
1180 2396 1318 2439 justia
1348 2395 1392 2431 do
1418 2396 1540 2439 Paris,

134 2457 323 2494 Mdmm'ros
341 2456 384 2492 do
403 2457 441 2493 la
464 2454 598 2493 Socim
621 2455 681 2491 dos
699 2455 940 2500 Antiquairos
958 2454 1001 2489 do
1023 2454 1172 2499 hana,
1195 2458 1225 2490 t.
1248 2453 1424 2501 XXVII,
1445 2466 1482 2503 p.
1507 2456 1543 2502 ¹,

134 2520 172 2553 et
191 2513 515 2561 Viouet-lo-Due,
534 2514 789 2551 Dictionnaire
808 2514 984 2549 raisonne
1002 2514 1045 2550 do
1065 2514 1336 2551 rav-chimenon
1353 2516 1543 2561 staupum

135 2576 186 2612 du
214 2576 274 2612 11·
296 2585 348 2611 au
374 2574 464 2611 XVI·
487 2574 603 2617 sidau,
624 2578 653 2610 t.
676 2571 768 2620 VII,
788 2583 825 2621 p.
848 2572 870 2609 6
889 2571 913 2608 ὲ
931 2573 968 2620 8,
989 2578 1028 2610 et
1053 2577 1081 2610 t.
1104 2572 1214 2620 VIII,
1234 2583 1271 2622 p.
1293 2573 1336 2611 81
1359 2572 1383 2610 ὲ
1401 2573 1461 2611 85.
1481 2572 1544 2612 On

136 2638 229 2683 peut
250 2642 453 2681 comparer
471 2642 516 2670 ce
539 2642 615 2680 que
633 2631 689 2669 dit
707 2636 821 2669 notre
846 2631 1060 2680 chronique
1079 2630 1127 2670 de
1147 2636 1250 2670 cette
1276 2631 1544 2670 construction

139 2703 233 2731 avec
248 2692 304 2730 les
318 2691 504 2741 quelques
522 2691 647 2741 lignee
659 2701 734 2741 que
747 2690 803 2729 lui
816 2696 1049 2729 consecrent
1062 2691 1119 2729 les
1136 2691 1301 2731 &andes
1321 2692 1547 2739 otsroniquos

144 2757 183 2802 (t.
206 2752 259 2799 V,
277 2762 315 2800 p.
336 2751 434 2797 209).
