1838 3164
106 323 330 371 1288-1289]
382 327 758 363 cnaouocmpnu
782 327 937 362 amun
961 325 1241 359 runcoamt.
1470 321 1515 359 35

163 409 301 458 Anno
326 409 511 459 Domini
531 409 585 459 κο
597 409 676 461 00⁰
700 407 990 473 octogesimo
1008 412 1193 465 octavo,
1220 404 1517 456 Edowardus

8 487 11 490 ’
96 485 356 551 Anglorum
385 503 489 544 rex,
523 486 573 535 in
595 484 838 535 Franciam
872 483 1200 540 transfretans,
1227 501 1256 532 a
1279 482 1513 548 Philippo,

95 578 208 629 rege
227 566 533 621 Francorum,
555 562 759 613 Pal-isius
777 561 863 611 fuit
881 559 1138 609 honorifice
1159 564 1380 624 receptus
1397 564 1447 608 et
1468 558 1517 607 in

96 639 334 706 regalibus
357 637 622 690 encheniis¹
649 638 926 688 honoratus.
956 635 1182 700 Indeque,
1205 635 1389 700 prefato
1416 634 1518 700 regi

95 717 311 783 Philippo
352 716 413 767 de
452 715 624 766 ducatu
666 714 940 782 Aequitanie
972 719 1022 763 et
1062 712 1289 762 comitatu
1333 711 1517 761 Pontivi

95 793 315 860 homagio
345 793 484 853 facto,
513 793 561 842 in
586 792 911 859 Aequitaniam
930 790 1160 857 perrexit.
1182 788 1363 839 Deinde
1390 788 1518 837 Pari-

1 895 3 899 Α
94 869 192 920 sius
218 869 378 928 rediit,
411 869 493 920 ubi
520 886 630 920 cum
656 869 841 936 prefato
867 885 980 935 rege
1011 867 1227 933 Philippo
1258 871 1310 916 et
1332 865 1518 915 duabus

1 951 3 955 ’
91 946 290 1014 reginis,
331 946 474 996 Maria
503 946 720 997 videlicet
756 950 1013 995 matertera
1041 950 1090 994 et
1118 943 1331 994 Johanna
1366 958 1517 992 uxore

0 1054 2 1057 -
90 1022 305 1091 ejusdem
328 1022 548 1089 Philippi,
570 1039 721 1089 parvo
745 1028 965 1088 tempore
984 1021 1127 1079 facto,
1157 1035 1378 1087 magnam
1396 1018 1517 1068 mili-

91 1100 215 1151 ciam
237 1101 561 1168 congregavit,
588 1106 917 1151 torneamenta
940 1115 996 1149 ac
1022 1097 1271 1150 hastiludia
1297 1098 1518 1163 frequen-

91 1177 210 1228 tavit
230 1183 278 1228 et
296 1177 560 1228 militariter
580 1195 632 1228 se
657 1178 853 1236 habens,
874 1177 1070 1243 largiter
1093 1174 1427 1242 expendendo,
1456 1174 1517 1224 ab

0 1280 7 1299 γτ
92 1253 313 1305 omnibus
346 1255 444 1305 fere
477 1255 704 1306 militibus
731 1254 965 1313 Flandrie,
998 1252 1270 1312 Brabantie,
1306 1251 1517 1303 Hanonie

0 1343 2 1345 ’
92 1330 384 1398 aliarumque
403 1337 641 1383 terrarum
665 1331 988 1400 adjacencium
1010 1331 1212 1398 gratiam
1240 1329 1366 1381 bone
1394 1328 1517 1379 fame

93 1408 313 1467 obtinuit,
341 1426 397 1459 ac
421 1409 729 1475 postmodum
753 1410 801 1459 in
824 1407 1041 1476 Angliam
1063 1408 1250 1459 radim.

155 1491 254 1541 Hiis
292 1492 462 1542 diebus
493 1492 716 1542 soldanus
750 1491 991 1542 Babilonie
1021 1495 1257 1558 potestate
1292 1489 1512 1548 eximius,

91 1568 299 1618 maximo
324 1570 692 1619 Sarracenorum
715 1569 926 1618 exercitu
958 1567 1290 1632 undecumque
1315 1582 1516 1633 congre—

91 1649 220 1711 gato,
255 1649 309 1694 ut
342 1650 494 1694 totam
521 1644 916 1695 Christianitatem
952 1642 1014 1693 de
1047 1643 1279 1693 Palestina
1309 1642 1510 1699 deleret,

0 1755 11 1802 ³,
90 1721 219 1771 venit
243 1726 296 1771 ut
314 1720 554 1771 obsideret
577 1722 725 1772 Acon.
753 1725 804 1771 ln
826 1721 957 1770 Acon
982 1736 1100 1770 vero
1128 1726 1240 1769 tunc
1266 1725 1369 1769 erat
1393 1719 1516 1769 Otho

0 1818 9 1874 Ξ
89 1797 151 1848 de
185 1797 507 1849 Grandissono
535 1815 680 1864 quem
712 1797 918 1855 dudum,
952 1803 1005 1848 ut
1036 1797 1217 1847 dictum
1247 1803 1321 1847 est
1348 1814 1511 1863 supra,

0 1891 10 1937 ,ἑ
90 1875 339 1926 custodem
377 1892 462 1926 seu
503 1876 802 1942 capitaneum
834 1875 1093 1942 reliquerat
1127 1891 1216 1924 rex
1253 1875 1515 1941 Anglorum

91 1952 403 2012 Edowardus‚
425 1969 535 2003 cum
555 1969 728 2020 magna
754 1952 944 2011 milicia,
973 1951 1248 2002 marescallo
1262 1951 1442 2017 Templi
1468 1957 1515 2002 et

2 2077 12 2090 Ἰ.
89 2029 317 2097 magistro
350 2029 620 2095 Hospitalis.
659 2028 891 2079 Soldanus
920 2044 1038 2077 vero
1073 2044 1182 2078 cum
1214 2027 1314 2078 suis
1346 2027 1515 2077 urbem

0 2177 5 2180 ‚
88 2107 493 2174 appropinquans,
508 2106 756 2156 obsidione
770 2106 973 2156 mirabili
991 2122 1098 2155 eam
1110 2121 1365 2172 aggressus
1389 2112 1462 2155 est
1472 2106 1510 2153 ³.

0 2276 6 2313 ,ζ
89 2265 137 2305 de
155 2266 236 2306 mai
255 2266 345 2307 1294
361 2267 403 2316 (t.
417 2267 452 2314 1,
465 2278 502 2317 p.
518 2267 617 2316 28⁴).
633 2267 688 2305 Le
702 2267 777 2305 duc
796 2266 843 2304 de
864 2265 1042 2304 Brabant
1059 2270 1217 2303 mourut
1239 2275 1290 2302 en
1310 2263 1401 2302 affet
1415 2262 1514 2302 dans

0 2344 9 2364 ι·
90 2324 128 2363 la
147 2325 233 2364 nuit
251 2324 303 2365 du
321 2324 345 2365 2
363 2336 414 2364 au
433 2325 455 2365 3
474 2326 568 2364 mai.
588 2325 663 2370 (Cf.
686 2326 850 2365 Grandes
870 2325 1109 2372 chroniquos,
1133 2329 1161 2362 t.
1186 2323 1236 2372 V,
1257 2335 1294 2373 p.
1318 2323 1419 2367 108.)

0 2426 11 2497 'sl

0 2478 17 2551 i¹

139 2391 175 2428 1.
197 2390 309 2429 Lisos
328 2394 501 2431 canoniis.
524 2390 714 2441 Ducange
737 2391 917 2441 explique
938 2392 1133 2429 moenium
1153 2400 1223 2439 par
1249 2399 1322 2427 son
1350 2388 1512 2440 equiva-

92 2448 210 2486 lent:
232 2451 456 2488 convivium.

137 2513 175 2552 2.
203 2513 258 2551 Le
289 2513 387 2553 recit
417 2513 465 2554 ds
493 2514 532 2552 la
563 2514 774 2562 alumnique
803 2514 851 2552 de
883 2514 1109 2552 Guillaume
1141 2512 1189 2550 ds
1216 2512 1369 2562 Nangis
1401 2514 1444 2561 (t.
1477 2512 1511 2561 1,

0 2549 18 2653 ᾗ
89 2581 128 2619 p.
155 2569 253 2617 268),
281 2581 356 2619 qus
385 2570 442 2609 les
466 2571 631 2611 Grandes
655 2572 882 2619 chronique„
907 2577 977 2609 ont
998 2570 1210 2620 reproduit‚
1229 2577 1289 2610 est
1308 2570 1511 2619 beaucoup

0 2662 13 2679 ὲ
92 2628 180 2677 plus
200 2634 312 2666 court
332 2633 371 2667 et
388 2628 518 2668 moins
536 2628 790 2668 interessant.

140 2692 175 2732 3.
196 2693 254 2731 La
282 2694 491 2749 Chroniquo
516 2693 563 2732 de
589 2694 814 2734 Guillaume
839 2694 887 2733 de
913 2693 1067 2743 Nangis
1094 2694 1134 2742 (t.
1161 2674 1197 2740 1,
1221 2705 1259 2743 p.
1287 2694 1370 2741 274)
1391 2699 1430 2731 et
1454 2693 1512 2732 les

0 2725 18 2790 f}
95 2751 508 2850 granffidcgllironiquos
526 2752 568 2794 (t.
583 2753 636 2801 V,
650 2765 687 2803 p.
702 2753 763 2799 96)
782 2753 958 2792 donnent
972 2754 1010 2791 la
1029 2764 1147 2792 cause
1166 2752 1213 2791 de
1233 2757 1335 2792 cette
1355 2757 1512 2802 attaque

6 2827 21 2858 ’ς
124 2821 167 2850 es
325 2822 368 2849 es

2 2847 15 2898 ζ)

2 2906 23 2931 a:

0 2977 8 3015 ‘y
15 2991 21 3009 ι

3 3018 18 3035 ·›.⁴

7 3037 14 3053 Ἰ
