<?xml version="1.0" encoding="UTF-8"?>
<!DOCTYPE html PUBLIC "-//W3C//DTD XHTML 1.0 Transitional//EN"
    "http://www.w3.org/TR/xhtml1/DTD/xhtml1-transitional.dtd">
<html xmlns="http://www.w3.org/1999/xhtml" xml:lang="en" lang="en">
 <head>
  <title>
</title>
<meta http-equiv="Content-Type" content="text/html;charset=utf-8" />
  <meta name='ocr-system' content='tesseract 3.04.00' />
  <meta name='ocr-capabilities' content='ocr_page ocr_carea ocr_par ocr_line ocrx_word'/>
</head>
<body>
  <div class='ocr_page' id='page_1' title='image "./chronographiareg01mora_0207.png"; bbox 0 0 1838 3164; ppageno 0'>
   <div class='ocr_carea' id='block_1_1' title="bbox 81 302 1480 352">
    <p class='ocr_par' dir='ltr' id='par_1_1' title="bbox 81 302 1480 352">
     <span class='ocr_line' id='line_1_1' title="bbox 81 302 1480 352; baseline 0.001 -12"><span class='ocrx_word' id='word_1_1' title='bbox 81 302 302 352; x_wconf 79' lang='lat'><strong>1312-1313]</strong></span> <span class='ocrx_word' id='word_1_2' title='bbox 354 307 725 342; x_wconf 68' lang='lat' dir='ltr'><strong>onnonomurnu</strong></span> <span class='ocrx_word' id='word_1_3' title='bbox 749 309 902 343; x_wconf 70' lang='lat' dir='ltr'><strong>uam!</strong></span> <span class='ocrx_word' id='word_1_4' title='bbox 927 309 1206 344; x_wconf 59' lang='lat' dir='ltr'><strong>mucosum</strong></span> <span class='ocrx_word' id='word_1_5' title='bbox 1413 304 1480 342; x_wconf 77' lang='lat'><strong>195</strong></span> 
     </span>
    </p>
   </div>
   <div class='ocr_carea' id='block_1_2' title="bbox 71 384 1484 2227">
    <p class='ocr_par' dir='ltr' id='par_1_2' title="bbox 75 384 1484 898">
     <span class='ocr_line' id='line_1_2' title="bbox 78 384 1483 452; baseline 0.002 -19"><span class='ocrx_word' id='word_1_6' title='bbox 78 384 347 450; x_wconf 86' lang='lat' dir='ltr'><strong>plicatum¹.</strong></span> <span class='ocrx_word' id='word_1_7' title='bbox 375 390 433 436; x_wconf 87' lang='lat' dir='ltr'><strong>Et</strong></span> <span class='ocrx_word' id='word_1_8' title='bbox 460 385 649 436; x_wconf 82' lang='lat' dir='ltr'><strong>interim</strong></span> <span class='ocrx_word' id='word_1_9' title='bbox 678 392 908 436; x_wconf 82' lang='lat' dir='ltr'><strong>venerunt</strong></span> <span class='ocrx_word' id='word_1_10' title='bbox 938 386 998 435; x_wconf 91' lang='lat' dir='ltr'><strong>ad</strong></span> <span class='ocrx_word' id='word_1_11' title='bbox 1026 386 1247 437; x_wconf 90' lang='lat' dir='ltr'><strong>eumdem</strong></span> <span class='ocrx_word' id='word_1_12' title='bbox 1277 386 1483 452; x_wconf 86' lang='lat' dir='ltr'><strong>impera-</strong></span> 
     </span>
     <span class='ocr_line' id='line_1_3' title="bbox 75 462 1483 528; baseline 0.001 -18"><span class='ocrx_word' id='word_1_13' title='bbox 75 467 230 510; x_wconf 81' lang='lat' dir='ltr'><strong>torem</strong></span> <span class='ocrx_word' id='word_1_14' title='bbox 253 462 598 513; x_wconf 87' lang='lat' dir='ltr'><strong>ambaxiatores</strong></span> <span class='ocrx_word' id='word_1_15' title='bbox 618 462 954 522; x_wconf 79' lang='lat' dir='ltr'><strong>Janniensiu&#39;m,</strong></span> <span class='ocrx_word' id='word_1_16' title='bbox 976 464 1056 528; x_wconf 92' lang='lat' dir='ltr'><strong>qui</strong></span> <span class='ocrx_word' id='word_1_17' title='bbox 1083 481 1135 513; x_wconf 90' lang='lat' dir='ltr'><strong>se</strong></span> <span class='ocrx_word' id='word_1_18' title='bbox 1160 463 1483 514; x_wconf 90' lang='lat' dir='ltr'><strong>submiserunt</strong></span> 
     </span>
     <span class='ocr_line' id='line_1_4' title="bbox 76 538 1483 607; baseline 0.001 -19"><span class='ocrx_word' id='word_1_19' title='bbox 76 538 147 597; x_wconf 85' lang='lat' dir='ltr'><strong>ei;</strong></span> <span class='ocrx_word' id='word_1_20' title='bbox 174 556 320 604; x_wconf 88' lang='lat' dir='ltr'><strong>quare</strong></span> <span class='ocrx_word' id='word_1_21' title='bbox 337 541 612 606; x_wconf 89' lang='lat' dir='ltr'><strong>imperator,</strong></span> <span class='ocrx_word' id='word_1_22' title='bbox 634 539 793 589; x_wconf 87' lang='lat' dir='ltr'><strong>statim</strong></span> <span class='ocrx_word' id='word_1_23' title='bbox 816 546 942 606; x_wconf 90' lang='lat' dir='ltr'><strong>post,</strong></span> <span class='ocrx_word' id='word_1_24' title='bbox 962 541 1193 606; x_wconf 78' lang='lat' dir='ltr'><strong>prefatam</strong></span> <span class='ocrx_word' id='word_1_25' title='bbox 1214 541 1483 607; x_wconf 89' lang='lat' dir='ltr'><strong>imperatri-</strong></span> 
     </span>
     <span class='ocr_line' id='line_1_5' title="bbox 76 617 1479 683; baseline 0.001 -18"><span class='ocrx_word' id='word_1_26' title='bbox 76 633 181 665; x_wconf 88' lang='lat' dir='ltr'><strong>cem</strong></span> <span class='ocrx_word' id='word_1_27' title='bbox 213 633 412 666; x_wconf 85' lang='lat' dir='ltr'><strong>uxorem</strong></span> <span class='ocrx_word' id='word_1_28' title='bbox 440 633 591 676; x_wconf 88' lang='lat' dir='ltr'><strong>suam,</strong></span> <span class='ocrx_word' id='word_1_29' title='bbox 619 633 759 666; x_wconf 85' lang='lat' dir='ltr'><strong>causa</strong></span> <span class='ocrx_word' id='word_1_30' title='bbox 787 617 959 682; x_wconf 88' lang='lat' dir='ltr'><strong>quietis</strong></span> <span class='ocrx_word' id='word_1_31' title='bbox 988 622 1035 666; x_wconf 93' lang='lat' dir='ltr'><strong>et</strong></span> <span class='ocrx_word' id='word_1_32' title='bbox 1065 618 1215 666; x_wconf 86' lang='lat' dir='ltr'><strong>solatii</strong></span> <span class='ocrx_word' id='word_1_33' title='bbox 1247 618 1479 683; x_wconf 85' lang='lat' dir='ltr'><strong>capiendi,</strong></span> 
     </span>
     <span class='ocr_line' id='line_1_6' title="bbox 76 692 1484 752; baseline 0.001 -10"><span class='ocrx_word' id='word_1_34' title='bbox 76 692 205 742; x_wconf 91' lang='lat' dir='ltr'><strong>misit</strong></span> <span class='ocrx_word' id='word_1_35' title='bbox 221 693 283 743; x_wconf 88' lang='lat' dir='ltr'><strong>ad</strong></span> <span class='ocrx_word' id='word_1_36' title='bbox 305 693 536 752; x_wconf 84' lang='lat' dir='ltr'><strong>Janniam,</strong></span> <span class='ocrx_word' id='word_1_37' title='bbox 558 693 638 742; x_wconf 90' lang='lat' dir='ltr'><strong>ubi</strong></span> <span class='ocrx_word' id='word_1_38' title='bbox 657 709 766 743; x_wconf 90' lang='lat' dir='ltr'><strong>cum</strong></span> <span class='ocrx_word' id='word_1_39' title='bbox 785 693 1006 744; x_wconf 86' lang='lat' dir='ltr'><strong>omnibus</strong></span> <span class='ocrx_word' id='word_1_40' title='bbox 1025 694 1123 743; x_wconf 89' lang='lat' dir='ltr'><strong>suis</strong></span> <span class='ocrx_word' id='word_1_41' title='bbox 1147 694 1484 744; x_wconf 75' lang='lat' dir='ltr'><strong>honorabiliter</strong></span> 
     </span>
     <span class='ocr_line' id='line_1_7' title="bbox 76 768 1483 839; baseline 0.004 -22"><span class='ocrx_word' id='word_1_42' title='bbox 76 768 163 819; x_wconf 85' lang='lat' dir='ltr'><strong>fuit</strong></span> <span class='ocrx_word' id='word_1_43' title='bbox 193 777 383 837; x_wconf 87' lang='lat' dir='ltr'><strong>recepta</strong></span> <span class='ocrx_word' id='word_1_44' title='bbox 421 777 470 821; x_wconf 91' lang='lat' dir='ltr'><strong>et</strong></span> <span class='ocrx_word' id='word_1_45' title='bbox 504 770 555 820; x_wconf 88' lang='lat' dir='ltr'><strong>in</strong></span> <span class='ocrx_word' id='word_1_46' title='bbox 589 771 774 838; x_wconf 84' lang='lat' dir='ltr'><strong>magnis</strong></span> <span class='ocrx_word' id='word_1_47' title='bbox 810 771 1048 822; x_wconf 72' lang='lat' dir='ltr'><strong>endieniis</strong></span> <span class='ocrx_word' id='word_1_48' title='bbox 1081 772 1483 839; x_wconf 88' lang='lat' dir='ltr'><strong>quamplurimum</strong></span> 
     </span>
     <span class='ocr_line' id='line_1_8' title="bbox 77 845 320 898; baseline 0.008 -2"><span class='ocrx_word' id='word_1_49' title='bbox 77 845 320 898; x_wconf 80' lang='lat' dir='ltr'><strong>honorata.</strong></span> 
     </span>
    </p>

    <p class='ocr_par' dir='ltr' id='par_1_3' title="bbox 71 923 1484 2227">
     <span class='ocr_line' id='line_1_9' title="bbox 138 923 1483 990; baseline 0.001 -17"><span class='ocrx_word' id='word_1_50' title='bbox 138 923 256 974; x_wconf 81' lang='lat' dir='ltr'><strong>Exin</strong></span> <span class='ocrx_word' id='word_1_51' title='bbox 281 939 470 989; x_wconf 86' lang='lat' dir='ltr'><strong>quoque</strong></span> <span class='ocrx_word' id='word_1_52' title='bbox 493 923 770 990; x_wconf 87' lang='lat' dir='ltr'><strong>imperator,</strong></span> <span class='ocrx_word' id='word_1_53' title='bbox 797 941 904 975; x_wconf 91' lang='lat' dir='ltr'><strong>cum</strong></span> <span class='ocrx_word' id='word_1_54' title='bbox 925 925 1054 976; x_wconf 91' lang='lat' dir='ltr'><strong>omni</strong></span> <span class='ocrx_word' id='word_1_55' title='bbox 1078 924 1287 975; x_wconf 85' lang='lat' dir='ltr'><strong>exercitu</strong></span> <span class='ocrx_word' id='word_1_56' title='bbox 1312 941 1400 975; x_wconf 92' lang='lat' dir='ltr'><strong>suo</strong></span> <span class='ocrx_word' id='word_1_57' title='bbox 1422 925 1483 974; x_wconf 84' lang='lat' dir='ltr'><strong>ab</strong></span> 
     </span>
     <span class='ocr_line' id='line_1_10' title="bbox 76 1000 1483 1069; baseline 0.001 -19"><span class='ocrx_word' id='word_1_58' title='bbox 76 1000 199 1050; x_wconf 90' lang='lat' dir='ltr'><strong>Urbe</strong></span> <span class='ocrx_word' id='word_1_59' title='bbox 216 1000 460 1060; x_wconf 89' lang='lat' dir='ltr'><strong>recedens,</strong></span> <span class='ocrx_word' id='word_1_60' title='bbox 479 1000 539 1050; x_wconf 90' lang='lat' dir='ltr'><strong>ad</strong></span> <span class='ocrx_word' id='word_1_61' title='bbox 558 1000 712 1051; x_wconf 89' lang='lat' dir='ltr'><strong>Pisam</strong></span> <span class='ocrx_word' id='word_1_62' title='bbox 729 1001 954 1062; x_wconf 77' lang='lat' dir='ltr'><strong>accessit3</strong></span> <span class='ocrx_word' id='word_1_63' title='bbox 975 1002 1134 1069; x_wconf 87' lang='lat' dir='ltr'><strong>ibique</strong></span> <span class='ocrx_word' id='word_1_64' title='bbox 1151 1018 1312 1052; x_wconf 81' lang='lat' dir='ltr'><strong>coram</strong></span> <span class='ocrx_word' id='word_1_65' title='bbox 1331 1018 1483 1052; x_wconf 89' lang='lat' dir='ltr'><strong>seme-</strong></span> 
     </span>
     <span class='ocr_line' id='line_1_11' title="bbox 73 1077 1483 1145; baseline 0.002 -19"><span class='ocrx_word' id='word_1_66' title='bbox 73 1077 198 1142; x_wconf 86' lang='lat' dir='ltr'><strong>tipso</strong></span> <span class='ocrx_word' id='word_1_67' title='bbox 225 1077 501 1137; x_wconf 86' lang='lat' dir='ltr'><strong>Robertum,</strong></span> <span class='ocrx_word' id='word_1_68' title='bbox 530 1094 694 1145; x_wconf 85' lang='lat' dir='ltr'><strong>regem</strong></span> <span class='ocrx_word' id='word_1_69' title='bbox 723 1078 894 1137; x_wconf 84' lang='lat' dir='ltr'><strong>Sicilie,</strong></span> <span class='ocrx_word' id='word_1_70' title='bbox 921 1078 982 1129; x_wconf 87' lang='lat' dir='ltr'><strong>ad</strong></span> <span class='ocrx_word' id='word_1_71' title='bbox 1006 1084 1183 1129; x_wconf 88' lang='lat' dir='ltr'><strong>certam</strong></span> <span class='ocrx_word' id='word_1_72' title='bbox 1214 1084 1263 1129; x_wconf 94' lang='lat' dir='ltr'><strong>et</strong></span> <span class='ocrx_word' id='word_1_73' title='bbox 1290 1095 1483 1144; x_wconf 73' lang='lat' dir='ltr'><strong>compe-</strong></span> 
     </span>
     <span class='ocr_line' id='line_1_12' title="bbox 71 1155 1482 1223; baseline 0 -19"><span class='ocrx_word' id='word_1_74' title='bbox 71 1160 249 1204; x_wconf 85' lang='lat' dir='ltr'><strong>tentem</strong></span> <span class='ocrx_word' id='word_1_75' title='bbox 275 1156 419 1216; x_wconf 90' lang='lat' dir='ltr'><strong>diem,</strong></span> <span class='ocrx_word' id='word_1_76' title='bbox 448 1161 673 1222; x_wconf 77' lang='lat' dir='ltr'><strong>tanquam</strong></span> <span class='ocrx_word' id='word_1_77' title='bbox 697 1156 787 1207; x_wconf 88' lang='lat' dir='ltr'><strong>sibi</strong></span> <span class='ocrx_word' id='word_1_78' title='bbox 812 1156 1054 1207; x_wconf 86' lang='lat' dir='ltr'><strong>subditum</strong></span> <span class='ocrx_word' id='word_1_79' title='bbox 1077 1162 1127 1207; x_wconf 87' lang='lat' dir='ltr'><strong>et</strong></span> <span class='ocrx_word' id='word_1_80' title='bbox 1153 1155 1482 1223; x_wconf 81' lang='lat' dir='ltr'><strong>justiciabilem</strong></span> 
     </span>
     <span class='ocr_line' id='line_1_13' title="bbox 71 1232 1479 1300; baseline 0.001 -19"><span class='ocrx_word' id='word_1_81' title='bbox 71 1232 206 1282; x_wconf 87' lang='lat' dir='ltr'><strong>citari</strong></span> <span class='ocrx_word' id='word_1_82' title='bbox 229 1232 382 1292; x_wconf 79' lang='lat' dir='ltr'><strong>fecit²‚</strong></span> <span class='ocrx_word' id='word_1_83' title='bbox 410 1234 668 1284; x_wconf 91' lang='lat' dir='ltr'><strong>secundum</strong></span> <span class='ocrx_word' id='word_1_84' title='bbox 694 1234 824 1300; x_wconf 90' lang='lat' dir='ltr'><strong>quod</strong></span> <span class='ocrx_word' id='word_1_85' title='bbox 847 1234 1070 1284; x_wconf 76' lang='lat' dir='ltr'><strong>scribitur</strong></span> <span class='ocrx_word' id='word_1_86' title='bbox 1101 1234 1149 1285; x_wconf 90' lang='lat' dir='ltr'><strong>in</strong></span> <span class='ocrx_word' id='word_1_87' title='bbox 1173 1233 1479 1291; x_wconf 81' lang='lat' dir='ltr'><strong>clementina,</strong></span> 
     </span>
     <span class='ocr_line' id='line_1_14' title="bbox 74 1309 1483 1377; baseline 0.001 -19"><span class='ocrx_word' id='word_1_88' title='bbox 74 1309 152 1359; x_wconf 92' lang='lat' dir='ltr'><strong>ubi</strong></span> <span class='ocrx_word' id='word_1_89' title='bbox 170 1309 370 1361; x_wconf 89' lang='lat' dir='ltr'><strong>habetur</strong></span> <span class='ocrx_word' id='word_1_90' title='bbox 394 1310 523 1377; x_wconf 89' lang='lat' dir='ltr'><strong>quod</strong></span> <span class='ocrx_word' id='word_1_91' title='bbox 547 1310 671 1360; x_wconf 90' lang='lat' dir='ltr'><strong>inter</strong></span> <span class='ocrx_word' id='word_1_92' title='bbox 694 1311 818 1361; x_wconf 88' lang='lat' dir='ltr'><strong>hunc</strong></span> <span class='ocrx_word' id='word_1_93' title='bbox 842 1311 1115 1369; x_wconf 84' lang='lat' dir='ltr'><strong>Henricum,</strong></span> <span class='ocrx_word' id='word_1_94' title='bbox 1144 1310 1483 1377; x_wconf 85' lang='lat' dir='ltr'><strong>imperatorem</strong></span> 
     </span>
     <span class='ocr_line' id='line_1_15' title="bbox 71 1387 1484 1455; baseline 0 -20"><span class='ocrx_word' id='word_1_95' title='bbox 71 1387 334 1436; x_wconf 84' lang='lat' dir='ltr'><strong>Romanum</strong></span> <span class='ocrx_word' id='word_1_96' title='bbox 351 1393 400 1437; x_wconf 91' lang='lat' dir='ltr'><strong>et</strong></span> <span class='ocrx_word' id='word_1_97' title='bbox 415 1387 693 1446; x_wconf 90' lang='lat' dir='ltr'><strong>Robertum,</strong></span> <span class='ocrx_word' id='word_1_98' title='bbox 713 1388 862 1438; x_wconf 85' lang='lat' dir='ltr'><strong>Sicilie</strong></span> <span class='ocrx_word' id='word_1_99' title='bbox 878 1404 1042 1455; x_wconf 78' lang='lat' dir='ltr'><strong>regem</strong></span> <span class='ocrx_word' id='word_1_100' title='bbox 1060 1388 1308 1448; x_wconf 80' lang='lat' dir='ltr'><strong>illustrem,</strong></span> <span class='ocrx_word' id='word_1_101' title='bbox 1332 1407 1355 1435; x_wconf 85' lang='lat'>‹</span> <span class='ocrx_word' id='word_1_102' title='bbox 1376 1404 1484 1455; x_wconf 84' lang='lat' dir='ltr'><strong>gra-</strong></span> 
     </span>
     <span class='ocr_line' id='line_1_16' title="bbox 75 1462 1484 1516; baseline 0.003 -5"><span class='ocrx_word' id='word_1_103' title='bbox 75 1482 97 1509; x_wconf 80' lang='lat'><strong>«</strong></span> <span class='ocrx_word' id='word_1_104' title='bbox 128 1462 227 1513; x_wconf 80' lang='lat' dir='ltr'><strong>vis⁸</strong></span> <span class='ocrx_word' id='word_1_105' title='bbox 242 1464 436 1514; x_wconf 77' lang='lat' dir='ltr'><strong>materia</strong></span> <span class='ocrx_word' id='word_1_106' title='bbox 454 1464 734 1515; x_wconf 79' lang='lat' dir='ltr'><strong>turbationis</strong></span> <span class='ocrx_word' id='word_1_107' title='bbox 749 1471 915 1515; x_wconf 82' lang='lat' dir='ltr'><strong>exorta</strong></span> <span class='ocrx_word' id='word_1_108' title='bbox 930 1471 1004 1516; x_wconf 84' lang='lat' dir='ltr'><strong>est</strong></span> <span class='ocrx_word' id='word_1_109' title='bbox 1022 1484 1033 1515; x_wconf 71' lang='grc' dir='ltr'><strong><em>ε</em></strong></span> <span class='ocrx_word' id='word_1_110' title='bbox 1057 1471 1298 1516; x_wconf 84' lang='lat' dir='ltr'><strong>asserente</strong></span> <span class='ocrx_word' id='word_1_111' title='bbox 1314 1465 1484 1516; x_wconf 90' lang='lat' dir='ltr'><strong>deinde</strong></span> 
     </span>
     <span class='ocr_line' id='line_1_17' title="bbox 74 1539 1484 1608; baseline 0.002 -20"><span class='ocrx_word' id='word_1_112' title='bbox 74 1559 97 1587; x_wconf 83' lang='lat'>‹</span> <span class='ocrx_word' id='word_1_113' title='bbox 127 1539 415 1606; x_wconf 87' lang='lat' dir='ltr'><strong>imperatore</strong></span> <span class='ocrx_word' id='word_1_114' title='bbox 447 1541 681 1607; x_wconf 87' lang='lat' dir='ltr'><strong>predicto,</strong></span> <span class='ocrx_word' id='word_1_115' title='bbox 715 1541 844 1607; x_wconf 92' lang='lat' dir='ltr'><strong>quod</strong></span> <span class='ocrx_word' id='word_1_116' title='bbox 878 1558 989 1592; x_wconf 92' lang='lat' dir='ltr'><strong>cum</strong></span> <span class='ocrx_word' id='word_1_117' title='bbox 1019 1542 1304 1608; x_wconf 87' lang='lat' dir='ltr'><strong>quibusdam</strong></span> <span class='ocrx_word' id='word_1_118' title='bbox 1334 1542 1484 1607; x_wconf 87' lang='lat' dir='ltr'><strong>ipsius</strong></span> 
     </span>
     <span class='ocr_line' id='line_1_18' title="bbox 74 1616 1483 1685; baseline 0.003 -20"><span class='ocrx_word' id='word_1_119' title='bbox 74 1635 96 1663; x_wconf 85' lang='lat'><strong>‹</strong></span> <span class='ocrx_word' id='word_1_120' title='bbox 127 1616 327 1667; x_wconf 90' lang='lat' dir='ltr'><strong>subditis</strong></span> <span class='ocrx_word' id='word_1_121' title='bbox 352 1633 437 1667; x_wconf 89' lang='lat' dir='ltr'><strong>rex</strong></span> <span class='ocrx_word' id='word_1_122' title='bbox 461 1617 865 1668; x_wconf 78' lang='lat' dir='ltr'><strong>confederationes</strong></span> <span class='ocrx_word' id='word_1_123' title='bbox 888 1624 937 1668; x_wconf 88' lang='lat' dir='ltr'><strong>et</strong></span> <span class='ocrx_word' id='word_1_124' title='bbox 960 1618 1336 1685; x_wconf 85' lang='lat' dir='ltr'><strong>conspirationes</strong></span> <span class='ocrx_word' id='word_1_125' title='bbox 1360 1618 1483 1670; x_wconf 77' lang='lat' dir='ltr'><strong>rece-</strong></span> 
     </span>
     <span class='ocr_line' id='line_1_19' title="bbox 75 1694 1482 1761; baseline 0.001 -18"><span class='ocrx_word' id='word_1_126' title='bbox 75 1714 97 1741; x_wconf 83' lang='lat'><strong>«</strong></span> <span class='ocrx_word' id='word_1_127' title='bbox 127 1699 202 1744; x_wconf 90' lang='lat' dir='ltr'><strong>rat</strong></span> <span class='ocrx_word' id='word_1_128' title='bbox 229 1694 278 1744; x_wconf 89' lang='lat' dir='ltr'><strong>in</strong></span> <span class='ocrx_word' id='word_1_129' title='bbox 307 1694 455 1761; x_wconf 88' lang='lat' dir='ltr'><strong>ipsius</strong></span> <span class='ocrx_word' id='word_1_130' title='bbox 485 1695 741 1761; x_wconf 81' lang='lat' dir='ltr'><strong>majestatis</strong></span> <span class='ocrx_word' id='word_1_131' title='bbox 771 1696 1017 1754; x_wconf 79' lang='lat' dir='ltr'><strong>offensam,</strong></span> <span class='ocrx_word' id='word_1_132' title='bbox 1051 1695 1277 1761; x_wconf 88' lang='lat' dir='ltr'><strong>quodque</strong></span> <span class='ocrx_word' id='word_1_133' title='bbox 1311 1701 1482 1745; x_wconf 69' lang='lat' dir='ltr'><strong>mcta-</strong></span> 
     </span>
     <span class='ocr_line' id='line_1_20' title="bbox 74 1772 1478 1839; baseline 0.003 -22"><span class='ocrx_word' id='word_1_134' title='bbox 74 1790 96 1817; x_wconf 84' lang='lat'>‹</span> <span class='ocrx_word' id='word_1_135' title='bbox 126 1777 262 1821; x_wconf 83' lang='lat' dir='ltr'><strong>verat</strong></span> <span class='ocrx_word' id='word_1_136' title='bbox 285 1777 334 1821; x_wconf 88' lang='lat' dir='ltr'><strong>et</strong></span> <span class='ocrx_word' id='word_1_137' title='bbox 364 1772 667 1823; x_wconf 88' lang='lat' dir='ltr'><strong>ordinaverat</strong></span> <span class='ocrx_word' id='word_1_138' title='bbox 699 1777 750 1822; x_wconf 86' lang='lat' dir='ltr'><strong>ut</strong></span> <span class='ocrx_word' id='word_1_139' title='bbox 780 1772 995 1822; x_wconf 87' lang='lat' dir='ltr'><strong>civitates</strong></span> <span class='ocrx_word' id='word_1_140' title='bbox 1028 1772 1235 1839; x_wconf 85' lang='lat' dir='ltr'><strong>quedam</strong></span> <span class='ocrx_word' id='word_1_141' title='bbox 1271 1772 1478 1838; x_wconf 89' lang='lat' dir='ltr'><strong>imperii,</strong></span> 
     </span>
     <span class='ocr_line' id='line_1_21' title="bbox 73 1848 1484 1916; baseline 0.002 -20"><span class='ocrx_word' id='word_1_142' title='bbox 73 1867 96 1895; x_wconf 75' lang='grc' dir='ltr'>ι</span> <span class='ocrx_word' id='word_1_143' title='bbox 124 1848 424 1915; x_wconf 81' lang='lat' dir='ltr'><strong>imperatoris</strong></span> <span class='ocrx_word' id='word_1_144' title='bbox 447 1848 660 1916; x_wconf 84' lang='lat' dir='ltr'><strong>ejusdem</strong></span> <span class='ocrx_word' id='word_1_145' title='bbox 679 1849 946 1900; x_wconf 86' lang='lat' dir='ltr'><strong>obedientia</strong></span> <span class='ocrx_word' id='word_1_146' title='bbox 967 1850 1296 1907; x_wconf 77' lang='lat' dir='ltr'><strong>consistentes,</strong></span> <span class='ocrx_word' id='word_1_147' title='bbox 1320 1856 1484 1900; x_wconf 88' lang='lat' dir='ltr'><strong>contra</strong></span> 
     </span>
     <span class='ocr_line' id='line_1_22' title="bbox 74 1926 1484 1995; baseline 0.001 -20"><span class='ocrx_word' id='word_1_148' title='bbox 74 1945 96 1974; x_wconf 84' lang='lat'>‹</span> <span class='ocrx_word' id='word_1_149' title='bbox 125 1942 235 1976; x_wconf 90' lang='lat' dir='ltr'><strong>eum</strong></span> <span class='ocrx_word' id='word_1_150' title='bbox 264 1932 312 1976; x_wconf 91' lang='lat' dir='ltr'><strong>et</strong></span> <span class='ocrx_word' id='word_1_151' title='bbox 341 1926 595 1993; x_wconf 83' lang='lat' dir='ltr'><strong>imperium</strong></span> <span class='ocrx_word' id='word_1_152' title='bbox 618 1926 920 1986; x_wconf 84' lang='lat' dir='ltr'><strong>rebellarent,</strong></span> <span class='ocrx_word' id='word_1_153' title='bbox 947 1934 1208 1995; x_wconf 86' lang='lat' dir='ltr'><strong>gentesque</strong></span> <span class='ocrx_word' id='word_1_154' title='bbox 1240 1945 1343 1986; x_wconf 91' lang='lat' dir='ltr'><strong>sue,</strong></span> <span class='ocrx_word' id='word_1_155' title='bbox 1371 1927 1484 1977; x_wconf 81' lang='lat' dir='ltr'><strong>sulte</strong></span> 
     </span>
     <span class='ocr_line' id='line_1_23' title="bbox 75 2004 1484 2072; baseline 0.002 -21"><span class='ocrx_word' id='word_1_156' title='bbox 75 2023 95 2050; x_wconf 76' lang='grc' dir='ltr'>ι</span> <span class='ocrx_word' id='word_1_157' title='bbox 127 2004 279 2070; x_wconf 87' lang='lat' dir='ltr'><strong>ipsius·</strong></span> <span class='ocrx_word' id='word_1_158' title='bbox 301 2004 530 2064; x_wconf 86' lang='lat' dir='ltr'><strong>subsidio,</strong></span> <span class='ocrx_word' id='word_1_159' title='bbox 558 2005 804 2056; x_wconf 90' lang='lat' dir='ltr'><strong>nonnullas</strong></span> <span class='ocrx_word' id='word_1_160' title='bbox 827 2005 941 2055; x_wconf 88' lang='lat' dir='ltr'><strong>alias</strong></span> <span class='ocrx_word' id='word_1_161' title='bbox 973 2006 1159 2072; x_wconf 89' lang='lat' dir='ltr'><strong>imperii</strong></span> <span class='ocrx_word' id='word_1_162' title='bbox 1188 2006 1402 2056; x_wconf 85' lang='lat' dir='ltr'><strong>civitates</strong></span> <span class='ocrx_word' id='word_1_163' title='bbox 1435 2011 1484 2055; x_wconf 88' lang='lat' dir='ltr'><strong>et</strong></span> 
     </span>
     <span class='ocr_line' id='line_1_24' title="bbox 74 2081 1483 2150; baseline 0.003 -22"><span class='ocrx_word' id='word_1_164' title='bbox 74 2101 96 2128; x_wconf 74' lang='grc' dir='ltr'>ι</span> <span class='ocrx_word' id='word_1_165' title='bbox 125 2087 295 2140; x_wconf 87' lang='lat' dir='ltr'><strong>castra,</strong></span> <span class='ocrx_word' id='word_1_166' title='bbox 322 2081 432 2133; x_wconf 88' lang='lat' dir='ltr'><strong>inde</strong></span> <span class='ocrx_word' id='word_1_167' title='bbox 453 2083 685 2132; x_wconf 87' lang='lat' dir='ltr'><strong>violenter</strong></span> <span class='ocrx_word' id='word_1_168' title='bbox 707 2083 868 2149; x_wconf 81' lang='lat' dir='ltr'><strong>ejectis</strong></span> <span class='ocrx_word' id='word_1_169' title='bbox 886 2083 1035 2149; x_wconf 88' lang='lat' dir='ltr'><strong>ipsius</strong></span> <span class='ocrx_word' id='word_1_170' title='bbox 1054 2084 1353 2150; x_wconf 85' lang='lat' dir='ltr'><strong>imperatoris</strong></span> <span class='ocrx_word' id='word_1_171' title='bbox 1377 2083 1483 2132; x_wconf 86' lang='lat' dir='ltr'><strong>offi-</strong></span> 
     </span>
     <span class='ocr_line' id='line_1_25' title="bbox 74 2158 1484 2227; baseline 0.004 -22"><span class='ocrx_word' id='word_1_172' title='bbox 74 2178 95 2203; x_wconf 83' lang='lat'><strong>«</strong></span> <span class='ocrx_word' id='word_1_173' title='bbox 125 2158 336 2218; x_wconf 88' lang='lat' dir='ltr'><strong>cialibus,</strong></span> <span class='ocrx_word' id='word_1_174' title='bbox 359 2166 643 2227; x_wconf 88' lang='lat' dir='ltr'><strong>occuparent</strong></span> <span class='ocrx_word' id='word_1_175' title='bbox 661 2166 709 2210; x_wconf 90' lang='lat' dir='ltr'><strong>et</strong></span> <span class='ocrx_word' id='word_1_176' title='bbox 728 2177 819 2227; x_wconf 90' lang='lat' dir='ltr'><strong>pro</strong></span> <span class='ocrx_word' id='word_1_177' title='bbox 838 2160 945 2226; x_wconf 91' lang='lat' dir='ltr'><strong>ipso</strong></span> <span class='ocrx_word' id='word_1_178' title='bbox 967 2176 1082 2227; x_wconf 86' lang='lat' dir='ltr'><strong>rege</strong></span> <span class='ocrx_word' id='word_1_179' title='bbox 1102 2167 1330 2226; x_wconf 86' lang='lat' dir='ltr'><strong>occupata</strong></span> <span class='ocrx_word' id='word_1_180' title='bbox 1352 2166 1484 2210; x_wconf 90' lang='lat' dir='ltr'><strong>tene-</strong></span> 
     </span>
    </p>
   </div>
   <div class='ocr_carea' id='block_1_3' title="bbox 71 2312 1483 2421">
    <p class='ocr_par' dir='ltr' id='par_1_4' title="bbox 71 2312 1483 2421">
     <span class='ocr_line' id='line_1_26' title="bbox 119 2312 1483 2354; baseline -0.001 -2"><span class='ocrx_word' id='word_1_181' title='bbox 119 2315 154 2352; x_wconf 79' lang='lat'><strong>1.</strong></span> <span class='ocrx_word' id='word_1_182' title='bbox 176 2315 232 2352; x_wconf 84' lang='lat' dir='ltr'><strong>La</strong></span> <span class='ocrx_word' id='word_1_183' title='bbox 258 2314 492 2354; x_wconf 86' lang='lat' dir='ltr'><strong>soumissiou</strong></span> <span class='ocrx_word' id='word_1_184' title='bbox 519 2314 587 2353; x_wconf 82' lang='lat' dir='ltr'><strong>des</strong></span> <span class='ocrx_word' id='word_1_185' title='bbox 616 2314 763 2353; x_wconf 75' lang='lat' dir='ltr'><strong>Genois</strong></span> <span class='ocrx_word' id='word_1_186' title='bbox 787 2319 848 2352; x_wconf 86' lang='lat' dir='ltr'><strong>est</strong></span> <span class='ocrx_word' id='word_1_187' title='bbox 874 2314 1095 2352; x_wconf 73' lang='lat' dir='ltr'><strong>anterieure</strong></span> <span class='ocrx_word' id='word_1_188' title='bbox 1122 2313 1145 2351; x_wconf 66' lang='lat' dir='ltr'><strong>a</strong></span> <span class='ocrx_word' id='word_1_189' title='bbox 1164 2313 1326 2351; x_wconf 82' lang='lat' dir='ltr'><strong>l&#39;entre&#39;e</strong></span> <span class='ocrx_word' id='word_1_190' title='bbox 1348 2312 1400 2350; x_wconf 87' lang='lat' dir='ltr'><strong>du</strong></span> <span class='ocrx_word' id='word_1_191' title='bbox 1425 2312 1483 2349; x_wconf 78' lang='lat' dir='ltr'><strong>roi</strong></span> 
     </span>
     <span class='ocr_line' id='line_1_27' title="bbox 71 2370 1482 2421; baseline -0.002 -11"><span class='ocrx_word' id='word_1_192' title='bbox 71 2371 138 2411; x_wconf 83' lang='lat' dir='ltr'><strong>des</strong></span> <span class='ocrx_word' id='word_1_193' title='bbox 158 2371 349 2411; x_wconf 71' lang='lat' dir='ltr'><strong>Romaim</strong></span> <span class='ocrx_word' id='word_1_194' title='bbox 367 2372 391 2410; x_wconf 63' lang='lat' dir='ltr'><strong>a</strong></span> <span class='ocrx_word' id='word_1_195' title='bbox 404 2372 549 2418; x_wconf 83' lang='lat' dir='ltr'><strong>Rome;</strong></span> <span class='ocrx_word' id='word_1_196' title='bbox 565 2373 659 2411; x_wconf 82' lang='lat' dir='ltr'><strong>c&#39;est</strong></span> <span class='ocrx_word' id='word_1_197' title='bbox 679 2372 785 2411; x_wconf 81' lang='lat' dir='ltr'><strong>aussi</strong></span> <span class='ocrx_word' id='word_1_198' title='bbox 805 2383 849 2410; x_wconf 88' lang='lat' dir='ltr'><strong>ee</strong></span> <span class='ocrx_word' id='word_1_199' title='bbox 869 2382 943 2421; x_wconf 89' lang='lat' dir='ltr'><strong>que</strong></span> <span class='ocrx_word' id='word_1_200' title='bbox 964 2371 1092 2410; x_wconf 85' lang='lat' dir='ltr'><strong>disent</strong></span> <span class='ocrx_word' id='word_1_201' title='bbox 1112 2372 1168 2409; x_wconf 85' lang='lat' dir='ltr'><strong>les</strong></span> <span class='ocrx_word' id='word_1_202' title='bbox 1188 2372 1352 2411; x_wconf 68' lang='lat' dir='ltr'><strong>Gronau</strong></span> <span class='ocrx_word' id='word_1_203' title='bbox 1372 2370 1482 2408; x_wconf 72' lang='lat' dir='ltr'><strong>Chro-</strong></span> 
     </span>
    </p>
   </div>
   <div class='ocr_carea' id='block_1_4' title="bbox 0 2431 511 2481">
    <p class='ocr_par' dir='ltr' id='par_1_5' title="bbox 0 2431 511 2481">
     <span class='ocr_line' id='line_1_28' title="bbox 0 2431 511 2481; baseline 0.004 -13"><span class='ocrx_word' id='word_1_204' title='bbox 0 2441 3 2478; x_wconf 56' lang='grc' dir='ltr'><em>ρ</em></span> <span class='ocrx_word' id='word_1_205' title='bbox 71 2434 201 2478; x_wconf 74' lang='lat' dir='ltr'><strong>niques</strong></span> <span class='ocrx_word' id='word_1_206' title='bbox 223 2434 263 2479; x_wconf 87' lang='lat' dir='ltr'><strong>(t.</strong></span> <span class='ocrx_word' id='word_1_207' title='bbox 286 2431 337 2479; x_wconf 90' lang='lat' dir='ltr'><strong>V,</strong></span> <span class='ocrx_word' id='word_1_208' title='bbox 357 2443 393 2481; x_wconf 89' lang='lat' dir='ltr'><strong>p.</strong></span> <span class='ocrx_word' id='word_1_209' title='bbox 418 2431 511 2480; x_wconf 72' lang='lat'><strong>¹9⁴).</strong></span> 
     </span>
    </p>
   </div>
   <div class='ocr_carea' id='block_1_5' title="bbox 0 2489 1482 2716">
    <p class='ocr_par' dir='ltr' id='par_1_6' title="bbox 118 2489 1482 2539">
     <span class='ocr_line' id='line_1_29' title="bbox 118 2489 1482 2539; baseline 0 -11"><span class='ocrx_word' id='word_1_210' title='bbox 118 2490 154 2528; x_wconf 77' lang='lat'><strong>2.</strong></span> <span class='ocrx_word' id='word_1_211' title='bbox 175 2489 215 2528; x_wconf 83' lang='lat' dir='ltr'>A</span> <span class='ocrx_word' id='word_1_212' title='bbox 233 2495 296 2529; x_wconf 83' lang='lat' dir='ltr'><strong>cet</strong></span> <span class='ocrx_word' id='word_1_213' title='bbox 318 2490 486 2538; x_wconf 84' lang='lat' dir='ltr'><strong>endroit,</strong></span> <span class='ocrx_word' id='word_1_214' title='bbox 505 2490 543 2528; x_wconf 84' lang='lat' dir='ltr'><strong>la</strong></span> <span class='ocrx_word' id='word_1_215' title='bbox 568 2492 778 2539; x_wconf 75' lang='lat' dir='ltr'><strong>Chroniquo</strong></span> <span class='ocrx_word' id='word_1_216' title='bbox 804 2491 855 2528; x_wconf 83' lang='lat' dir='ltr'><strong>du</strong></span> <span class='ocrx_word' id='word_1_217' title='bbox 886 2490 1162 2529; x_wconf 76' lang='lat' dir='ltr'><strong>continuatam</strong></span> <span class='ocrx_word' id='word_1_218' title='bbox 1185 2489 1232 2529; x_wconf 86' lang='lat' dir='ltr'><strong>de</strong></span> <span class='ocrx_word' id='word_1_219' title='bbox 1259 2489 1482 2528; x_wconf 76' lang='lat' dir='ltr'><strong>Guinaume</strong></span> 
     </span>
    </p>

    <p class='ocr_par' dir='ltr' id='par_1_7' title="bbox 0 2548 1057 2599">
     <span class='ocr_line' id='line_1_30' title="bbox 0 2548 1057 2599; baseline 0 -12"><span class='ocrx_word' id='word_1_220' title='bbox 0 2570 3 2592; x_wconf 51' lang='grc' dir='ltr'>ι</span> <span class='ocrx_word' id='word_1_221' title='bbox 71 2548 118 2587; x_wconf 88' lang='lat' dir='ltr'><strong>de</strong></span> <span class='ocrx_word' id='word_1_222' title='bbox 136 2549 287 2598; x_wconf 78' lang='lat' dir='ltr'><strong>Nangis</strong></span> <span class='ocrx_word' id='word_1_223' title='bbox 308 2551 349 2597; x_wconf 86' lang='lat' dir='ltr'><strong>(t.</strong></span> <span class='ocrx_word' id='word_1_224' title='bbox 369 2549 404 2599; x_wconf 92' lang='lat'><strong>1,</strong></span> <span class='ocrx_word' id='word_1_225' title='bbox 424 2561 462 2599; x_wconf 88' lang='lat' dir='ltr'><strong>p.</strong></span> <span class='ocrx_word' id='word_1_226' title='bbox 484 2549 552 2588; x_wconf 81' lang='grc'><strong>393</strong></span> <span class='ocrx_word' id='word_1_227' title='bbox 572 2555 611 2590; x_wconf 83' lang='lat' dir='ltr'><strong>et</strong></span> <span class='ocrx_word' id='word_1_228' title='bbox 630 2550 711 2599; x_wconf 71' lang='lat'><strong>394)</strong></span> <span class='ocrx_word' id='word_1_229' title='bbox 733 2555 794 2589; x_wconf 87' lang='lat' dir='ltr'><strong>est</strong></span> <span class='ocrx_word' id='word_1_230' title='bbox 814 2551 889 2588; x_wconf 79' lang='lat' dir='ltr'><strong>fort</strong></span> <span class='ocrx_word' id='word_1_231' title='bbox 906 2555 1057 2588; x_wconf 75' lang='lat' dir='ltr'><strong>exacte.</strong></span> 
     </span>
    </p>

    <p class='ocr_par' dir='ltr' id='par_1_8' title="bbox 0 2608 1482 2716">
     <span class='ocr_line' id='line_1_31' title="bbox 0 2608 1482 2660; baseline 0 -14"><span class='ocrx_word' id='word_1_232' title='bbox 0 2614 4 2659; x_wconf 63' lang='grc' dir='ltr'><strong><em>ζ</em></strong></span> <span class='ocrx_word' id='word_1_233' title='bbox 120 2609 154 2646; x_wconf 91' lang='grc'><strong>3.</strong></span> <span class='ocrx_word' id='word_1_234' title='bbox 177 2608 231 2647; x_wconf 87' lang='lat' dir='ltr'><strong>Ge</strong></span> <span class='ocrx_word' id='word_1_235' title='bbox 258 2620 420 2659; x_wconf 69' lang='lat' dir='ltr'><strong>passage</strong></span> <span class='ocrx_word' id='word_1_236' title='bbox 451 2610 561 2658; x_wconf 71' lang='lat' dir='ltr'><strong>place</strong></span> <span class='ocrx_word' id='word_1_237' title='bbox 589 2616 701 2649; x_wconf 84' lang='lat' dir='ltr'><strong>entre</strong></span> <span class='ocrx_word' id='word_1_238' title='bbox 729 2611 950 2660; x_wconf 71' lang='lat' dir='ltr'><strong>guillemeta</strong></span> <span class='ocrx_word' id='word_1_239' title='bbox 977 2615 1036 2648; x_wconf 84' lang='lat' dir='ltr'><strong>est</strong></span> <span class='ocrx_word' id='word_1_240' title='bbox 1067 2610 1176 2658; x_wconf 76' lang='lat' dir='ltr'><strong>copie</strong></span> <span class='ocrx_word' id='word_1_241' title='bbox 1204 2609 1482 2647; x_wconf 71' lang='lat' dir='ltr'><strong>litteralement</strong></span> 
     </span>
     <span class='ocr_line' id='line_1_32' title="bbox 72 2668 1482 2716; baseline 0.001 -11"><span class='ocrx_word' id='word_1_242' title='bbox 72 2668 170 2707; x_wconf 76' lang='lat' dir='ltr'><strong>dans</strong></span> <span class='ocrx_word' id='word_1_243' title='bbox 194 2669 233 2706; x_wconf 84' lang='lat' dir='ltr'><strong>la.</strong></span> <span class='ocrx_word' id='word_1_244' title='bbox 256 2668 450 2707; x_wconf 70' lang='lat' dir='ltr'><strong>decretale</strong></span> <span class='ocrx_word' id='word_1_245' title='bbox 475 2669 522 2709; x_wconf 86' lang='lat' dir='ltr'><strong>de</strong></span> <span class='ocrx_word' id='word_1_246' title='bbox 547 2669 725 2709; x_wconf 71' lang='lat' dir='ltr'><strong>Clamant.</strong></span> <span class='ocrx_word' id='word_1_247' title='bbox 749 2670 785 2707; x_wconf 83' lang='lat' dir='ltr'>V</span> <span class='ocrx_word' id='word_1_248' title='bbox 815 2683 823 2708; x_wconf 92' lang='lat'>:</span> <span class='ocrx_word' id='word_1_249' title='bbox 851 2672 1053 2708; x_wconf 73' lang='lat' dir='ltr'><strong>Pastor-alis</strong></span> <span class='ocrx_word' id='word_1_250' title='bbox 1077 2680 1169 2708; x_wconf 80' lang='lat' dir='ltr'><strong>eura</strong></span> <span class='ocrx_word' id='word_1_251' title='bbox 1199 2670 1358 2716; x_wconf 74' lang='lat' dir='ltr'><strong>(Corpus</strong></span> <span class='ocrx_word' id='word_1_252' title='bbox 1378 2671 1482 2715; x_wconf 73' lang='lat' dir='ltr'><strong>juris</strong></span> 
     </span>
    </p>
   </div>
   <div class='ocr_carea' id='block_1_6' title="bbox 0 2728 1480 2839">
    <p class='ocr_par' dir='ltr' id='par_1_9' title="bbox 0 2719 1480 2839">
     <span class='ocr_line' id='line_1_33' title="bbox 0 2728 1480 2787; baseline -0.001 -21"><span class='ocrx_word' id='word_1_253' title='bbox 0 2741 4 2787; x_wconf 50' lang='grc' dir='ltr'>ἰ</span> <span class='ocrx_word' id='word_1_254' title='bbox 71 2730 253 2774; x_wconf 66' lang='lat' dir='ltr'><strong>canonici,</strong></span> <span class='ocrx_word' id='word_1_255' title='bbox 278 2728 370 2766; x_wconf 72' lang='lat' dir='ltr'><strong>adit.</strong></span> <span class='ocrx_word' id='word_1_256' title='bbox 391 2728 615 2779; x_wconf 76' lang='lat' dir='ltr'><strong>Friodberg,</strong></span> <span class='ocrx_word' id='word_1_257' title='bbox 634 2734 663 2768; x_wconf 75' lang='lat' dir='ltr'><strong>t.</strong></span> <span class='ocrx_word' id='word_1_258' title='bbox 687 2729 739 2778; x_wconf 87' lang='lat'><strong>11,</strong></span> <span class='ocrx_word' id='word_1_259' title='bbox 760 2730 834 2768; x_wconf 89' lang='lat' dir='ltr'><strong>col.</strong></span> <span class='ocrx_word' id='word_1_260' title='bbox 858 2730 976 2777; x_wconf 76' lang='lat'><strong>1¹5¹),</strong></span> <span class='ocrx_word' id='word_1_261' title='bbox 997 2728 1091 2767; x_wconf 85' lang='lat' dir='ltr'><strong>dont</strong></span> <span class='ocrx_word' id='word_1_262' title='bbox 1111 2728 1138 2766; x_wconf 89' lang='lat' dir='ltr'><strong>il</strong></span> <span class='ocrx_word' id='word_1_263' title='bbox 1163 2728 1285 2766; x_wconf 77' lang='lat' dir='ltr'><strong>forme</strong></span> <span class='ocrx_word' id='word_1_264' title='bbox 1312 2728 1347 2765; x_wconf 85' lang='lat' dir='ltr'><strong>le</strong></span> <span class='ocrx_word' id='word_1_265' title='bbox 1373 2737 1480 2766; x_wconf 87' lang='lat' dir='ltr'><strong>com-</strong></span> 
     </span>
     <span class='ocr_line' id='line_1_34' title="bbox 0 2794 334 2839; baseline 0.006 -15"><span class='ocrx_word' id='word_1_266' title='bbox 0 2798 4 2839; x_wconf 69' lang='grc' dir='ltr'>ς</span> <span class='ocrx_word' id='word_1_267' title='bbox 72 2794 334 2826; x_wconf 81' lang='lat' dir='ltr'><strong>meneement.</strong></span> 
     </span>
    </p>
   </div>
  </div>
 </body>
</html>
