1838 3164
278 245 321 283 10
557 244 927 279 ΟΗΠΟΝΟῦΒΑΡΗΙΑ
952 243 1104 277 nom!
1130 242 1407 277 maeotim.
1571 237 1678 285 [¹27⁶

338 331 448 377 Erat
481 331 637 375 autem
666 323 858 412 quidam
890 323 1055 381 homo,
1092 323 1173 388 qui
1199 322 1456 372 vocabatur
1477 323 1680 388 Bouqui-

274 422 380 463 nus,
408 404 661 469 precipuus
685 402 979 468 ingeniorum
1004 401 1228 458 director,
1252 400 1333 465 qui
1358 400 1681 465 promissioni·

275 482 363 531 bus
387 487 432 529 et
458 479 666 545 pecuniis
689 485 941 544 corruptus
964 496 991 528 a
1017 477 1484 544 Pampilionensibus‚
1506 476 1684 527 dimisit

274 557 491 606 comitem
514 555 888 605 Attrebatensem
915 562 961 604 et
987 555 1178 604 intravit
1195 554 1450 611 civitatem,
1475 552 1556 603 ubi
1576 553 1685 604 fecit

273 634 418 683 multa
451 632 635 699 ingenia
670 632 731 681 ad
764 632 1094 682 resistendum.
1128 631 1221 681 Sed
1251 647 1412 680 comes
1445 629 1686 696 predictus

273 716 343 759 tot
384 709 636 759 assultibus
679 709 916 760 infestavit
953 708 1191 758 civitatem
1233 707 1361 772 quod
1406 707 1594 765 civitas,
1638 706 1684 754 vi

273 803 524 852 oppressa,
562 785 794 835 submissa
826 792 898 835 est
930 786 1030 851 ejus
1061 786 1274 835 arbitrio.
1305 784 1546 834 Predictus
1570 799 1687 833 vero

271 864 540 928 Bouquinus
563 867 729 927 captus
749 867 903 919 estet,
920 861 1097 927 judicio
1114 861 1300 910 comitis
1319 860 1682 917 Attrebatensis,

273 940 454 1004 positus
482 944 556 988 est
586 939 634 988 in
664 955 757 988 uno
792 938 1090 1004 ingeniorum
1121 938 1249 1002 quod
1281 937 1456 986 fecerat
1482 937 1686 1003 burgen-

273 1017 427 1075 sibus,
462 1016 791 1082 projectusque
821 1022 894 1064 est
924 1014 971 1063 in
1004 1015 1173 1072 altum,
1203 1015 1265 1063 ita
1299 1020 1352 1063 ut
1382 1030 1557 1080 corpus
1585 1013 1687 1079 ejus

273 1093 500 1152 cadendo,
530 1094 575 1141 in
599 1093 802 1141 ‘minutas
827 1098 985 1157 partes
1006 1092 1314 1141 divideretur.

337 1171 423 1230 Qui
455 1186 613 1219 comes
642 1169 997 1225 Attrebatensis‚
1028 1169 1280 1235 subjugato
1305 1183 1455 1233 regno
1478 1170 1687 1217 Num-e

271 1248 369 1313 regi
405 1246 620 1302 Francie,
657 1254 880 1311 tanquam
914 1247 1057 1295 tutori
1095 1246 1257 1311 regine
1294 1245 1497 1310 predicti
1529 1244 1683 1311 regni,

272 1329 468 1389 cognate
493 1339 577 1371 sue
606 1323 652 1371 in
684 1322 946 1372 minoribus
975 1322 1236 1379 existentis,
1264 1338 1373 1371 cum
1403 1321 1686 1387 quibusdam

273 1401 332 1449 de
358 1400 454 1450 suis
478 1399 626 1449 adivit
650 1399 921 1464 Hispaniam
946 1399 1007 1448 ad
1032 1415 1193 1465 regem
1212 1398 1450 1464 Hispanie‚
1473 1398 1555 1463 qui
1572 1397 1688 1448 hila-

273 1478 389 1526 riter
410 1493 520 1526 eum
538 1476 742 1541 excepit,
765 1476 927 1526 dicens
948 1494 958 1525 :
984 1496 1004 1522 ‹
1027 1477 1264 1543 Egredere
1282 1476 1452 1525 abhinc
1468 1481 1515 1524 et
1540 1491 1686 1542 perge

273 1554 531 1611 Franciam,
559 1552 782 1617 quoniam
807 1568 892 1601 rex
918 1552 1110 1601 Francie
1132 1569 1379 1619 regressus
1402 1557 1477 1602 est
1499 1551 1561 1602 ad
1590 1558 1687 1602 ter-

272 1645 375 1678 ram
405 1628 665 1694 propriam.
700 1647 721 1674 n
750 1631 917 1678 Comes
940 1644 1056 1677 vero
1087 1628 1249 1677 audito
1282 1628 1542 1678 mirabatur
1569 1644 1687 1693 qua-

274 1706 378 1754 liter
407 1705 606 1754 archana
640 1705 767 1771 regis
797 1705 989 1754 Francie
1022 1711 1339 1770 pervenerant
1372 1704 1433 1754 ad
1464 1703 1686 1754 noticiam

272 1783 397 1848 regis
431 1782 693 1847 Hispanie¹.
731 1785 859 1831 Tunc
898 1798 1120 1831 reversus
1156 1788 1228 1831 est
1264 1797 1425 1831 comes
1462 1781 1509 1830 in
1542 1784 1687 1831 Fran-

275 1875 412 1908 ciam.

338 1938 566 1986 Coronata
590 1936 732 2001 igitur
753 1935 894 1985 Maria
917 1935 965 1984 in
984 1936 1198 2002 reginam
1218 1936 1427 1995 Francie,
1450 1936 1571 1985 sicut
1587 1935 1687 1987 dic·-

273 2019 373 2062 tum
392 2019 463 2061 est
481 2029 642 2077 supra,
662 2028 748 2060 rex
768 2011 1009 2077 Philippus
1028 2011 1231 2060 habebat
1252 2012 1507 2076 quemdam
1531 2028 1687 2063 came-

272 2090 466 2147 rarium,
497 2089 578 2154 qui
602 2089 860 2138 vocabatur
883 2092 1065 2147 Petrus,
1093 2095 1409 2155 cognomento
1436 2089 1599 2156 gallice
1629 2090 1686 2139 de

274 2167 322 2214 la
355 2165 551 2223 Broche,
592 2165 673 2230 qui
707 2165 767 2214 de
795 2165 1050 2222 Thuronia,
1083 2181 1143 2213 ex
1177 2165 1341 2214 infimo
1374 2181 1547 2231 genere
1584 2172 1687 2216 erat

273 2242 515 2292 oriundus,
534 2242 633 2300 Hic,
651 2242 711 2291 ad
726 2242 986 2291 sanandum
1003 2256 1167 2308 regem
1182 2242 1473 2292 Ludovicum
1490 2242 1553 2292 de
1565 2260 1687 2308 quo-

273 2320 383 2368 dam
407 2319 579 2368 morbo
608 2335 750 2385 quem
774 2319 822 2368 in
848 2319 960 2368 tibia
985 2335 1069 2368 sua
1098 2318 1345 2378 habuerat,
1379 2319 1560 2369 dudum
1587 2320 1688 2370 fue-

268 2402 348 2466 rat
369 2397 618 2446 mandatus
641 2415 650 2444 :
674 2402 722 2446 et
746 2396 855 2461 quia
879 2402 982 2445 erat
1001 2396 1073 2444 vir
1090 2395 1139 2444 in
1163 2396 1428 2461 eloquentia
1445 2398 1682 2462 copiosus,

276 2479 455 2522 tantam
479 2473 657 2522 invenit
679 2473 885 2541 graciam
916 2472 964 2522 in
989 2473 1137 2522 oculis
1163 2473 1303 2539 hujus
1331 2474 1532 2540 Philippi
1558 2475 1687 2542 regis

276 2550 423 2616 quod,
455 2556 566 2615 post
597 2551 841 2600 decessum
872 2549 1040 2616 patris,
1078 2550 1186 2599 fecit
1215 2567 1325 2599 eum
1353 2551 1681 2611 camerarium,

327 2717 361 2756 1.
383 2717 438 2755 Cf.
463 2717 519 2756 les
539 2719 641 2757 Gesta
659 2719 823 2766 Philippi
843 2718 911 2757 III.
934 2719 1083 2766 (Hister.
1104 2719 1147 2756 do
1165 2719 1242 2763 Fr„
1263 2724 1292 2756 t.
1313 2718 1412 2767 XX,
1431 2730 1470 2768 p.
1491 2717 1589 2760 5⁰8.)
