1838 3164
157 251 263 299 1285]
432 252 804 289 cnuouoeul’uu
829 254 983 288 amm!
1007 252 1287 288 Pmconw.
1511 248 1557 286 27

150 333 212 383 de
245 331 502 398 Arragonie
534 348 643 383 cum
677 331 775 382 suis
807 331 1091 396 quandoque
1120 331 1381 381 deferffltes
1407 330 1559 396 rapie-

150 409 232 460 bat
262 425 371 460 cum
402 409 621 460 omnibus
649 423 742 473 que
771 407 1043 474 portabant.
1081 407 1306 458 Tamdem
1334 423 1422 457 rex
1454 406 1560 457 Phi-

149 487 323 553 lippus,
345 486 497 551 captis
518 484 756 536 suburbiis
784 483 1010 542 civitatis,
1040 485 1258 549 pervenit
1286 484 1346 534 ad
1377 501 1556 542 muros,

149 580 271 629 quos
295 562 454 614 multis
477 561 726 611 insultibus
747 576 1001 627 aggressus
1023 566 1097 610 est
1121 578 1131 608 :
1155 562 1239 611 sed
1263 561 1392 611 cives
1409 561 1562 611 taliter

148 639 445 697 resistebant,
468 636 597 703 quod
617 639 905 687 Francorum
923 636 1160 686 exercitus
1177 637 1371 687 minime
1392 654 1562 703 preva-

148 717 234 768 luit
255 715 484 766 adversus
513 729 612 764 eos.
642 712 902 773 Quemdam
934 713 1062 764 enim
1093 713 1389 779 capitaneum
1418 714 1562 765 habe-

149 794 286 852 bant,
330 797 549 842 vocutum
585 789 900 841 Raimundum
937 789 998 840 de
1033 790 1305 850 Cal-donne,
1342 791 1425 856 qui
1459 797 1561 840 erat

144 873 375 937 cognatus
398 867 583 918 comitis
606 867 722 918 Fuxi
747 873 795 918 et
819 867 1083 932 Raymundi
1104 868 1296 934 Roget-i,
1323 867 1405 932 qui
1429 874 1563 916 erant

148 946 195 995 in
231 945 442 995 exercitu
476 943 819 1002 Francorum¹;
854 950 904 995 et
934 944 1022 994 hac
1058 944 1305 994 obsidione
1340 944 1557 1001 durante,

147 1021 323 1088 pluries
334 1019 640 1087 Raymundus
652 1020 823 1087 Rogeri
835 1020 1029 1071 intravit
1045 1020 1094 1071 in
1110 1021 1269 1071 villam
1286 1020 1348 1071 ad
1363 1022 1560 1086 loquen-

147 1098 262 1151 dum
276 1114 386 1149 cum
402 1097 530 1148 dicto
544 1096 806 1164 capitaneo,
826 1103 1028 1164 cognato
1042 1114 1146 1156 suo,
1169 1104 1218 1148 et
1233 1098 1552 1155 tractandum,

147 1174 188 1225 si
228 1179 411 1240 posset,
454 1173 583 1240 quod
619 1173 783 1225 civitas
819 1173 1102 1225 redderetur
1135 1174 1237 1242 regi
1271 1181 1319 1227 ct
1356 1175 1560 1226 Ecclesie

149 1253 391 1302 romane².
423 1253 523 1302 Rex
553 1266 670 1318 ergo
696 1250 940 1318 Philippus
969 1250 1053 1302 diu
1083 1251 1270 1302 obsedit
1302 1252 1559 1310 civitatem,

149 1333 204 1379 ut
226 1343 334 1379 eam
355 1327 483 1378 fame
506 1327 816 1393 opprimeret.

214 1404 405 1455 Interim
435 1420 551 1453 vero
581 1406 747 1455 Petrus
778 1403 840 1454 de
870 1404 1153 1471 Arx-agonia,
1187 1404 1564 1456 deffendentibus

148 1572 233 1617 port
253 1567 299 1606 de
319 1567 445 1606 Rosos
463 1572 524 1606 est
543 1567 566 1605 a
584 1573 722 1618 quatre
738 1568 861 1607 lienes
873 1568 925 1607 du
939 1579 1052 1618 camp
1066 1569 1133 1607 des
1147 1569 1315 1614 <arcican
1335 1569 1561 1608 Guillaume

149 1627 303 1676 Guiurt,
322 1627 370 1667 de
390 1638 462 1665 son
487 1628 589 1675 ecte,
607 1627 747 1667 estimo
767 1628 805 1665 la
823 1627 1000 1668 distance
1024 1628 1049 1666 a
1073 1627 1175 1667 deux
1203 1629 1327 1668 lienes
1346 1635 1386 1668 et
1411 1628 1561 1671 demie;

150 1686 369 1726 seulement
393 1685 422 1723 il
446 1690 507 1724 est
522 1684 547 1723 a
565 1684 744 1724 craindre
770 1697 846 1735 que
866 1685 902 1724 le
927 1691 1010 1725 mot
1032 1700 1050 1721 ι
1071 1686 1197 1725 demie
1221 1701 1236 1722 ι
1259 1686 1313 1724 ait
1338 1687 1399 1724 ete
1426 1687 1501 1724 mis
1527 1687 1564 1724 la

147 1755 247 1795 pour
272 1744 329 1783 les
356 1743 514 1783 besoins
542 1743 589 1782 de
617 1743 656 1782 la
684 1743 796 1783 rime.
824 1745 975 1792 (Hister.
1002 1746 1045 1783 do
1070 1747 1153 1788 h„
1180 1751 1209 1783 t.
1241 1745 1383 1793 xxn,
1411 1756 1447 1795 p.
1476 1745 1563 1793 21⁴,

149 1814 238 1844 vers
258 1803 404 1852 12544.)

196 1865 232 1905 1.
251 1863 330 1904 Le·
349 1863 454 1902 Gesta
471 1864 637 1914 Philippo·
654 1864 714 1903 111
730 1864 882 1911 (Hister.
908 1865 952 1903 do
973 1866 1050 1909 st„
1078 1870 1107 1904 t.
1135 1864 1235 1915 XX,
1259 1876 1297 1915 p.
1326 1865 1409 1913 53⁴)
1434 1864 1564 1904 disent

147 1933 223 1974 que
243 1921 414 1961 Rumon
443 1921 491 1960 de
518 1921 723 1961 Camenae
750 1923 844 1963 etait
870 1923 1069 1962 chevalier
1094 1925 1145 1963 du
1175 1931 1302 1963 comte
1327 1924 1375 1962 de
1401 1924 1499 1963 Foix
1524 1931 1563 1962 et

145 1986 284 2033 parent
303 1981 349 2020 de
370 1980 541 2021 Ralmon
562 1980 705 2030 Roget.
727 1982 782 2020 Le
803 1983 1060 2031 compilateur
1071 1982 1140 2021 des
1154 1983 1319 2022 Grandes
1335 1985 1563 2031 chroniques

147 2041 190 2090 (t.
217 2040 269 2088 V,
294 2050 333 2089 p.
356 2039 414 2087 80)
441 2050 466 2077 e
494 2038 592 2078 ecrit
617 2050 692 2088 que
724 2039 760 2078 le
789 2040 984 2089 capitaine
1011 2040 1059 2079 de
1093 2041 1241 2082 Gitone
1267 2042 1362 2080 duit
1391 2042 1562 2080 Raimon

148 2099 293 2148 Roget,
319 2111 336 2134 ι
358 2098 425 2149 qui
450 2098 567 2138 estoit
592 2099 790 2139 chevalier
814 2111 865 2138 au
888 2106 1003 2140 conte
1031 2100 1080 2140 de
1107 2100 1217 2140 Foix.
1247 2116 1265 2136 ι
1292 2101 1402 2140 Getta
1427 2113 1564 2141 ern-eur

148 2157 216 2199 des
234 2157 397 2196 Grandes
423 2157 647 2204 chronique:
666 2169 690 2195 a
710 2169 808 2208 pour
836 2158 986 2208 origine
1016 2171 1094 2199 une
1122 2160 1225 2199 faute
1251 2160 1298 2199 de
1324 2160 1561 2207 traduction,

149 2214 361 2264 imputable
379 2214 404 2252 a
422 2214 460 2252 la
476 2214 631 2253 version
651 2215 845 2266 franeaise
864 2216 932 2254 des
952 2218 1056 2256 Gesta
1078 2219 1242 2266 Philippi
1259 2220 1319 2256 111
1343 2220 1493 2265 (nister.
1519 2221 1563 2256 de

149 2275 227 2318 Fr..
247 2278 277 2312 t.
297 2273 396 2323 XX,
415 2285 454 2323 p.
475 2274 572 2321 535).
597 2274 687 2313 Ceci
714 2275 879 2314 suffimit
905 2276 929 2313 a
951 2276 1190 2324 dementi-er,
1218 2278 1278 2315 s'il
1303 2278 1398 2316 etait
1423 2279 1562 2317 neces-

152 2331 274 2380 saire,
301 2342 376 2382 que
405 2338 519 2372 notro
551 2333 766 2383 chronique
798 2334 863 2373 n'a
893 2346 962 2384 pas
994 2335 1057 2374 ete
1086 2336 1179 2374 saite
1212 2348 1280 2374 sur
1310 2337 1368 2376 les
1398 2337 1562 2376 Grandes

154 2392 394 2439 Chremem.

197 2450 234 2489 2.
261 2449 483 2490 Guillaume
510 2451 558 2490 de
589 2452 741 2502 Nangis
769 2453 920 2492 affin-me
953 2453 1228 2502 positivement
1256 2455 1349 2504 qu’il
1381 2461 1519 2494 courut
1538 2456 1562 2492 ἰι

149 2519 195 2547 ee
219 2519 358 2558 propos
381 2508 478 2549 dans
506 2510 664 2550 rumen
695 2510 764 2550 des
793 2512 919 2550 bruits
945 2512 993 2550 de
1021 2513 1215 2561 trahison,
1244 2519 1284 2552 et
1310 2514 1398 2563 plus
1429 2515 1510 2553 loin
1533 2515 1561 2553 il

150 2572 311 2606 tacente
329 2579 404 2617 que
429 2568 606 2619 Philippa
632 2570 669 2609 le
693 2571 816 2609 Hardi
838 2572 895 2609 fut
914 2573 1065 2620 trompe
1089 2584 1159 2621 par
1183 2573 1220 2612 le
1242 2579 1370 2612 comte
1389 2574 1437 2611 de
1463 2574 1559 2612 Foix

150 2629 190 2663 el.
205 2636 279 2723 gg:
292 2625 466 2731 ›Rumon
485 2627 632 2677 Roget.
653 2629 772 2676 (Gesta
791 2631 957 2677 Philippi
976 2632 1044 2675 111,
1067 2633 1204 2670 Hister.
1231 2633 1275 2670 de
1299 2635 1374 2677 Fr„
1403 2638 1432 2670 t.
1460 2633 1558 2678 XX,

151 2695 189 2738 p.
278 2712 287 2722 .
