1838 3164
125 291 339 339 12694272]
397 295 769 330 onnonomm’nu
792 294 946 328 natm
970 293 1249 328 rmcontm.
1501 290 1523 327 3

186 379 415 442 Tempore
439 376 537 434 illo,
561 375 786 425 Hem-icus
805 390 892 423 rex
910 377 1116 423 Navarre
1140 379 1189 423 et
1212 389 1371 424 comes
1389 374 1526 424 Gam-

122 452 276 518 panie‚
292 452 370 517 qui
382 452 483 518 regi
492 450 774 508 Theobaldo‚
786 449 919 499 fratri
930 465 1016 498 suo
1027 449 1127 498 sine
1137 449 1297 499 liberis
1306 448 1526 500 defuncto

121 534 169 577 et
203 529 249 578 in
282 529 487 579 Pruvino
518 532 674 577 castro
706 543 818 586 suo,
850 526 896 575 in
929 526 1216 576 monasterio
1249 526 1528 576 feminarum

120 605 299 655 ordinis
309 608 526 655 Fratrum
537 604 769 654 Minorum
781 602 983 669 sepulto,
999 608 1305 661 successerat,
1323 603 1529 668 despon—

119 682 242 732 savit
270 682 411 732 filiam
435 681 648 740 Roberti,
681 680 866 730 comitis
898 680 1256 739 Attrebatensis,
1289 680 1371 745 qui
1401 679 1527 745 apud

118 762 398 809 Massorram
421 758 469 807 in
493 758 665 824 Egipto
686 756 954 808 occubuit1.

181 837 331 885 Porro
351 834 664 893 Edowarduffi
690 833 1034 901 primogenitus
1058 832 1244 883 nem-ici
1268 833 1528 899 Anglorum

118 911 244 979 regis
266 911 407 971 filius,
428 911 489 962 de
506 911 695 971 Affiica,
719 910 895 961 scilicet
913 911 975 961 de
992 909 1202 960 exercitu
1220 912 1523 968 Francorum,

116 995 171 1039 ut
205 1005 349 1056 supra
384 993 563 1039 tactum
595 994 668 1039 est
703 995 752 1038 et
785 1005 895 1039 cum
928 1004 986 1038 eo
1018 987 1226 1038 Erardus
1258 987 1320 1038 de
1354 989 1528 1038 Sancto

117 1066 365 1123 walarico,
395 1066 629 1117 «Iohannes
657 1064 720 1115 de
745 1065 971 1117 Gralliaco
994 1071 1040 1115 et
1066 1064 1259 1131 quidam
1283 1063 1358 1114 alii
1385 1067 1528 1114 Fran-

116 1157 283 1192 corum
315 1141 535 1200 milites&
569 1141 696 1208 apud
728 1142 856 1191 Acon
887 1140 1230 1200 transfretavit,
1263 1140 1528 1207 mansitque

116 1219 239 1269 ultra
262 1234 394 1269 mare
419 1234 507 1284 per
523 1218 735 1285 spacium
758 1218 897 1269 unius
923 1217 1051 1267 anni.
1080 1219 1291 1284 Cumque
1321 1217 1370 1268 in
1397 1220 1527 1269 Acon

117 1296 338 1355 venisset,
364 1297 631 1346 Aconenses
654 1300 702 1345 et
725 1295 879 1345 omnis
902 1294 1138 1345 exercitus
1156 1294 1528 1354 Christianorum

115 1378 380 1423 statuerunt
414 1388 524 1422 eum
557 1372 854 1439 capitaneum
885 1388 1050 1431 suum3
1082 1371 1283 1421 habebat
1321 1388 1527 1437 namque

114 1465 200 1499 rex
224 1449 388 1516 Anglie
411 1466 610 1516 magnos
633 1450 880 1499 thesauros
899 1448 946 1498 in
965 1451 1112 1507 Acon,
1136 1465 1258 1513 quos
1277 1448 1526 1513 ‘templarii

115 1532 164 1576 et
179 1526 476 1592 Hospitalarii
496 1525 765 1584 servabant,
785 1525 1002 1575 videlicet
1019 1542 1047 1573 a
1071 1530 1287 1590 tempore
1309 1524 1527 1575 Richardi

115 1603 258 1670 regis,
271 1603 351 1670 qui
365 1603 451 1662 eis,
465 1602 555 1652 sibi
568 1619 652 1653 seu
661 1601 914 1652 heredibus
923 1601 1038 1660 suis,
1057 1600 1155 1667 [ad]
1167 1600 1527 1653 custodiendum

115 1767 410 1817 templacerent.
432 1787 476 1797 —
496 1767 572 1806 Les
590 1767 755 1806 Grandes
775 1767 1002 1814 Chr-animus
1021 1771 1111 1804 sont
1124 1765 1254 1805 saules
1267 1765 1292 1803 a
1305 1765 1478 1815 signslsr
1490 1767 1527 1805 te

114 1826 192 1867 don
209 1838 284 1877 que
304 1827 480 1876 Philippo
498 1826 559 1865 111
577 1826 705 1865 sursit
723 1826 792 1865 fait
811 1837 861 1864 au
882 1836 979 1875 pape
992 1824 1040 1863 de
1055 1839 1073 1861 ι
1089 1825 1185 1864 trois
1198 1825 1277 1865 tor·
1297 1826 1526 1864 chasteaulx

113 1892 153 1926 ct
171 1886 441 1926 deffensables.
465 1899 482 1921 ι
503 1886 566 1925 En
585 1885 796 1933 rcvanche,
816 1885 912 1923 elles
931 1896 981 1923 ne
1001 1885 1154 1934 pst-lent
1172 1896 1241 1934 pas
1260 1884 1329 1923 des
1348 1884 1526 1933 negocia·

113 1946 217 1985 tions
236 1945 420 1984 relatives
438 1945 463 1983 a
482 1945 519 1983 la
538 1945 810 1983 canonisation
830 1944 877 1983 de
895 1945 999 1983 saint
1018 1944 1149 1983 Louis.
1172 1944 1225 1983 Μ.
1251 1943 1399 1982 ch.-V.
1420 1944 1526 1982 Lan·

114 2004 226 2053 glois,
245 2004 343 2043 dans
369 2015 441 2043 son
466 2003 564 2042 livre
589 2014 658 2043 sur
683 2003 862 2053 Philippo
886 2003 959 2050 ΙΙΙ,
986 2014 1107 2052 pense
1131 2015 1207 2053 que
1235 2003 1449 2042 l’entrevue
1474 2003 1525 2042 du

113 2074 210 2113 pape
228 2068 268 2102 et
286 2063 337 2102 du
358 2062 415 2101 roi
433 2068 500 2101 eut
520 2063 598 2101 lieu
617 2063 641 2100 a
660 2063 698 2100 la
715 2062 1005 2101 tui-novembre
1027 2063 1118 2102 ¹273
1139 2066 1187 2112 (p.
1210 2063 1283 2109 79).

159 2123 196 2161 1.
227 2123 293 2162 Un
323 2133 399 2161 ms.
432 2121 481 2160 de
512 2122 551 2160 la
583 2123 793 2170 chronique
822 2121 870 2160 de
901 2122 950 2160 G.
983 2121 1031 2160 de
1069 2122 1243 2170 Nangis,
1275 2121 1425 2171 signas
1457 2133 1527 2171 par

114 2180 168 2219 M.
188 2180 344 2220 Gen-aud
369 2183 412 2228 (t.
441 2181 474 2229 1,
503 2192 540 2230 p.
569 2182 653 2229 2⁴1,
680 2192 721 2220 n.
747 2181 799 2228 2),
826 2186 935 2230 porte
958 2191 1034 2230 que
1062 2180 1242 2219 Thibsud
1270 2180 1328 2219 fut
1353 2181 1527 2220 enseveli

117 2253 134 2276 ι
157 2239 199 2278 in
216 2239 330 2279 domo
357 2239 545 2279 Sororum
570 2239 768 2279 uinctum
790 2254 808 2276 ι
829 2246 868 2278 et
890 2240 919 2278 il
944 2240 1073 2288 ajoute
1098 2250 1172 2289 quc
1198 2251 1264 2278 ces
1290 2246 1392 2279 mots
1413 2251 1464 2278 ne
1484 2251 1526 2280 ss

116 2304 298 2344 trouvent
321 2299 419 2338 dans
448 2311 579 2339 aucun
608 2305 719 2338 autre
744 2311 819 2339 ms.
841 2300 916 2338 Les
940 2300 1044 2338 Gesta
1063 2301 1228 2347 Philippi
1245 2301 1303 2338 111
1320 2299 1372 2338 du
1396 2300 1525 2339 mame

116 2363 255 2396 auteur
272 2358 447 2398 donnent
465 2370 516 2397 au
538 2359 733 2397 contraire
746 2369 898 2397 comme
912 2359 1025 2408 leeon
1040 2372 1056 2394 ι
1074 2358 1114 2396 in
1134 2357 1316 2396 Fratrum
1327 2358 1524 2397 Minorum

114 2418 282 2456 ecclesia
301 2431 320 2455 a
342 2420 492 2467 (Hister.
512 2421 555 2457 da
573 2421 651 2464 Fr„
673 2424 703 2458 t.
724 2419 822 2466 XX,
843 2429 879 2468 p.
901 2418 1006 2462 482);
1028 2418 1173 2456 e'estle
1185 2422 1291 2456 texte
1304 2417 1442 2467 adepte
1455 2429 1526 2468 par

116 2477 172 2514 les
191 2478 356 2516 Grandes
372 2479 598 2527 chronique-t
616 2482 658 2525 (t.
683 2478 732 2525 V,
751 2490 789 2527 p.
810 2478 884 2523 2¹).

162 2537 198 2574 2.
218 2535 281 2574 On
299 2547 350 2575 ne
369 2537 608 2576 connaissait
627 2549 694 2576 ces
713 2548 827 2575 noms
845 2548 919 2586 que
939 2548 1009 2585 par
1021 2537 1059 2574 la
1070 2536 1248 2576 mention
1265 2536 1382 2586 qu'en
1395 2537 1523 2575 tsisait

115 2595 154 2632 la
172 2595 387 2644 chronique
402 2594 450 2634 de
468 2595 675 2635 Baudouin
699 2595 929 2634 d’Avesnes.
958 2595 991 2632 11
1015 2595 1096 2633 faut
1122 2606 1148 2644 y
1170 2594 1323 2644 joindre
1348 2595 1451 2634 celui
1475 2595 1523 2635 de

46 2651 53 2658 “
115 2653 339 2692 Guillaume
357 2653 405 2692 ds
424 2654 612 2694 valence.
633 2648 780 2703 (mnan
797 2666 867 2693 sur
885 2657 934 2693 ιω
952 2656 1129 2707 aornim,
1142 2658 1256 2703 tempe
1273 2656 1324 2692 du
1343 2665 1522 2702 raucum

115 2714 159 2751 de
181 2714 399 2751 lmnalom.
426 2732 475 2743 —
494 2715 545 2752 La
569 2715 732 2752 arom
755 2715 808 2751 du
828 2716 960 2762 prinae
987 2706 1163 2752 saeuus
1186 2713 1450 2761 d'Anolator-re.
1474 2734 1523 2743 —

116 2772 290 2812 Afflivos
308 2775 351 2810 do
370 2773 525 2811 l'Ofl'mR
543 2776 654 2818 latin,
676 2779 704 2811 t.
726 2773 759 2820 Ι,
778 2785 816 2822 1).
837 2773 935 2821 622.)
