1838 3164
333 295 399 332 ‘25⁶2
618 293 986 327 cunouoonarnu
1014 292 1164 325 noun
1190 291 1466 326 runconun.
1508 290 1722 335 [ww-¹32¹

328 376 476 425 induti
511 374 685 423 strictis
717 372 926 423 vestibus
959 372 1115 430 lineis,
1152 387 1245 436 que
1277 371 1439 436 gallice
1470 370 1687 422 dicuntur
1714 390 1723 419 :

327 468 506 510 sav-ros,
543 455 592 500 et
627 449 937 516 supersignati
972 448 1130 514 parvis
1162 448 1379 498 omnibus
1417 455 1465 497 et
1505 449 1730 514 gerebant

329 545 467 594 peras
515 543 624 577 suas
669 542 776 576 oum
822 526 1023 584 bacuiis,
1068 525 1230 591 gallice
1273 524 1411 574 dietis
1454 542 1465 574 ε
1509 524 1727 581 Malata,

329 604 613 653 transierunt
641 602 784 668 Alpes
810 619 898 668 per
927 608 1134 651 montem
1165 601 1294 650 Jovis
1321 607 1644 666 veneruntque
1670 601 1731 650 ad

329 680 625 730 obsidionem
650 679 851 730 civitatis
874 678 1150 730 Janniensis.

393 760 450 807 Et
479 763 591 806 tunc
622 755 861 806 Beraudus
885 755 945 805 de
976 754 1173 804 Marouel
1199 754 1319 803 dixit
1351 753 1545 819 prefatis
1575 759 1734 819 pasto-

242 827 247 833 ’
327 834 457 883 ribus
481 834 608 899 quod
633 834 868 882 irruerent
894 832 939 879 in
966 830 1295 881 obsessoribus
1322 837 1369 879 et
1388 847 1472 880 eos
1492 846 1734 897 expugna-

328 918 450 969 rent,
475 927 532 959 eo
551 910 678 974 quod
700 916 856 958 essent
874 907 1084 957 infideies
1101 914 1150 956 et
1168 908 1338 957 inimici
1359 908 1519 958 Crucis
1536 907 1732 965 Christh

329 988 580 1051 statimque
605 992 835 1051 pastores,
858 1000 967 1034 cum
991 984 1195 1033 clamore
1218 984 1405 1050 grandi,
1426 990 1735 1034 maluerunt

329 1068 490 1112 contra
523 1060 791 1111 Guibelinos
821 1066 868 1109 et
898 1076 1064 1123 omnes
1088 1059 1375 1116 obsidentes,
1403 1060 1483 1124 qui
1505 1059 1603 1126 jam
1627 1075 1736 1109 suas

329 1139 451 1188 acies
485 1138 816 1186 ordinaverant
851 1143 899 1186 et
932 1142 1191 1185 statuerant
1228 1151 1318 1201 pro
1354 1136 1452 1185 suis
1485 1136 1737 1201 capitaneis

330 1218 572 1279 Hugonem
598 1214 654 1262 de
681 1214 728 1261 la
752 1211 952 1277 Faloqhe
978 1211 1174 1260 militem
1205 1211 1599 1269 strenuissimum,
1626 1210 1734 1261 bas-

330 1290 516 1339 tardum
533 1289 713 1355 Anglie,
731 1295 779 1338 et
797 1289 1050 1338 Henricum
1062 1288 1122 1337 de
1136 1287 1351 1338 Flandria
1366 1293 1416 1337 et
1429 1287 1544 1337 alios
1557 1288 1732 1354 plures.

329 1367 495 1416 Multos
529 1373 684 1415 autem
719 1365 932 1415 homines
961 1364 1234 1414 occiderunt
1262 1370 1479 1430 pastores
1507 1364 1568 1414 de
1597 1364 1738 1415 baon:-

328 1442 385 1491 lis
421 1442 543 1499 suis;
580 1448 628 1491 et
659 1457 946 1507 quamquam
977 1456 1143 1491 omnes
1182 1441 1355 1490 mortui
1391 1447 1733 1499 remanserunt,

329 1523 485 1567 tamen
509 1516 556 1566 in
582 1517 691 1574 fine,
715 1523 830 1566 nutu
848 1517 1027 1574 divino,
1049 1516 1160 1565 victi
1179 1522 1288 1565 sunt
1308 1515 1553 1566 Guibelini.
1574 1519 1624 1566 ln
1649 1515 1739 1566 boc

330 1594 453 1643 bello
486 1594 622 1643 valde
655 1600 847 1643 strenue
878 1610 929 1642 se
959 1594 1122 1643 habuit
1150 1593 1370 1643 dominus
1391 1593 1452 1643 de
1481 1596 1628 1651 Baux,
1655 1593 1738 1659 qui

331 1686 438 1719 cum
460 1669 755 1718 Janiensibus
777 1686 838 1717 ex
857 1675 992 1734 parte
1012 1669 1138 1735 regis
1162 1668 1355 1718 Roberti
1380 1675 1480 1718 erat
1498 1675 1545 1719 et
1562 1669 1739 1720 exient

331 1763 439 1795 cum
465 1762 635 1811 magno
660 1745 884 1794 comitatu
908 1751 1214 1795 armatorum.

395 1826 542 1871 Porro
575 1822 765 1871 Francis
797 1822 972 1871 factum
1002 1828 1076 1871 est
1112 1838 1336 1889 magnum
1371 1822 1543 1872 festum
1571 1840 1600 1872 a
1627 1840 1739 1890 rege

329 1898 536 1949 Roberto
560 1898 735 1948 ibidem
759 1899 973 1956 obsesso,
995 1915 1103 1948 oum
1128 1899 1273 1948 fratre
1297 1899 1415 1965 ejus,
1443 1899 1654 1965 principe
1678 1900 1740 1951 de

330 1975 607 2033 Tharentha,
634 1975 731 2023 fere
755 1974 908 2040 spatio
929 1975 1132 2024 duorum
1156 1991 1405 2034 annorum,
1426 1975 1649 2042 deditque
1670 1976 1740 2026 eis

330 2052 474 2101 multa
496 2058 543 2101 et
564 2051 693 2101 varia
713 2051 837 2101 dona
854 2058 900 2100 et
920 2052 988 2101 sio
1010 2058 1333 2111 recesserunt3
1359 2069 1561 2118 cumque
1579 2069 1741 2103 rever-

1832 211 1838 247 2

1832 249 1838 439 ἒξ

331 2133 557 2185 terentum
586 2144 707 2177 unus
740 2127 940 2177 alterum
970 2127 1339 2192 depredabatur‚
1373 2129 1435 2177 ita
1465 2134 1519 2178 ut
1546 2128 1740 2195 quidam
1836 2178 1838 2182 .

330 2204 533 2270 regressi
552 2205 742 2253 fuerunt
758 2204 930 2253 divites
950 2203 1092 2253 etalii
1112 2221 1371 2270 pauperes;
1398 2205 1545 2255 eciam
1569 2205 1740 2271 Philip-

332 2298 421 2346 pus
445 2282 505 2330 de
529 2281 712 2332 valesio
729 2299 756 2330 a
775 2281 873 2331 suis
890 2281 1178 2347 depredatus
1193 2288 1283 2340 est,
1305 2282 1369 2331 ita
1387 2282 1516 2347 quod
1539 2299 1739 2349 mgnum

331 2357 521 2406 intravit
563 2358 714 2407 solum
755 2374 865 2408 cum
905 2358 1058 2408 tribus
1091 2359 1251 2424 equis,
1297 2359 1361 2408 ita
1402 2359 1532 2424 quod
1569 2360 1740 2410 multas

333 2438 507 2498 passus
527 2440 599 2483 est
622 2435 836 2484 miserias
860 2441 909 2484 et
930 2441 1232 2500 paupertates
1261 2454 1271 2483 :
1301 2435 1387 2485 sed
1416 2436 1560 2485 multa
1583 2453 1742 2486 aoom-

333 2510 542 2558 modavit
566 2511 693 2575 apud
717 2511 893 2560 multos
913 2511 1189 2577 burgenses,
1225 2518 1474 2578 argentum
1498 2518 1548 2562 et
1568 2529 1736 2578 equos,

334 2586 412 2651 qui
434 2586 632 2636 libenter
650 2587 695 2635 ei
714 2593 1062 2645 concesserunt,
1083 2588 1147 2636 ita
1162 2594 1214 2637 ut
1229 2588 1485 2638 honorifice
1503 2595 1739 2639 remearet

335 2662 394 2710 ad
430 2679 609 2728 regem,
644 2663 980 2714 consobrinum
1012 2681 1167 2723 suum,
1202 2681 1344 2729 quem
1377 2666 1576 2715 multum
1607 2665 1741 2715 infir-

338 2745 541 2788 mantem
563 2741 760 2805 reperit,
790 2747 842 2789 ut
866 2741 984 2789 infra
1008 2740 1206 2790 dicetur.
