1838 3164
357 282 423 320 ¹86
626 279 998 316 antonomum*
1024 278 1179 314 noun
1205 277 1485 314 mucosum
1654 277 1761 325 {tato

357 384 377 410 ι
407 363 555 428 ipsius
579 358 811 418 Henrrici,
841 364 987 425 prout
1014 357 1224 408 absentia
1255 357 1523 424 patiebatur
1550 358 1760 425 ejusdem

356 460 377 486 ι
407 444 456 488 et
479 437 577 487 de
564 436 713 503 ipsius
739 434 853 502 [tide
879 434 946 502 et]
974 434 1209 501 probitate
1231 450 1288 484 ac
1312 433 1432 493 aliis,
1461 450 1557 501 que
1578 434 1627 485 in
1653 451 1763 502 per-

357 535 377 562 «
408 531 522 565 sona
549 511 850 580 imperatoris
874 512 1044 562 merito
1069 517 1179 562 sunt
1203 509 1499 576 inquirenda,
1525 526 1636 561 cum
1659 511 1763 578 plu-

358 612 379 639 «
408 592 542 641 ribus
572 589 766 656 prelatis
796 594 846 639 et
875 588 976 639 aliis
1004 604 1177 655 magne
1202 586 1494 638 auctoritatis
1519 587 1653 646 viris,
1681 588 1763 655 qui

357 689 378 715 ι
407 666 620 735 ejusdem
643 666 854 717 Henrrici
874 682 1051 725 mores,
1074 664 1391 716 conditionem
1408 669 1458 714 et
1475 670 1650 716 statum
1665 664 1765 732 ple-

357 766 378 792 «
409 745 514 795 nius
549 748 801 803 noverant,
839 742 1088 809 inquisito,
1130 742 1325 808 ejusque
1365 757 1592 828 persona,
1630 741 1766 809 cujus

357 843 378 870 ι
409 822 550 872 etiam
585 822 687 888 ipse
721 827 769 871 et
802 820 971 870 fratoes
999 819 1069 869 sui
1099 818 1347 885 aliqualem
1381 818 1513 884 prius
1543 818 1763 870 notitiam

355 919 376 947 ι
407 899 658 958 habebant,
699 903 899 964 propter
930 895 1061 962 quod
1098 895 1276 945 facilius
1314 895 1531 946 transivit
1570 894 1618 947 in
1652 911 1764 946 exa·

356 997 378 1023 ι
408 975 662 1026 minatione
704 972 1015 1041 hujus[modi]
1034 1010 1047 1031 ,
1095 971 1279 1038 ydonee
1327 978 1566 1039 reputata,
1607 972 1764 1039 ipsum

356 1074 377 1101 ι
408 1051 742 1111 denominavit,
763 1049 1063 1101 denunciavit
1080 1055 1130 1099 et
1145 1047 1401 1100 declaravit
1415 1065 1579 1116 regem
1593 1051 1764 1100 Roma-

355 1150 377 1177 a
408 1146 596 1189 norum,
627 1128 775 1195 ipsius
804 1126 1076 1193 approbans
1103 1142 1373 1192 personam,
1400 1142 1605 1193 eumque
1631 1128 1764 1178 suffi-

356 1227 376 1252 ι
407 1207 608 1256 cientem
654 1211 701 1254 et
752 1204 956 1254 habilem
1010 1203 1253 1254 declamas
1305 1202 1378 1254 ads
1418 1203 1765 1270 susdpiendsm

355 1302 375 1330 ι
408 1282 660 1347 imperialis
678 1280 968 1331 celsitudinis
985 1279 1281 1346 dignitatem,
1300 1296 1358 1330 ac
1375 1278 1636 1332 decernens
1648 1297 1765 1333 uno-

354 1380 374 1406 «
406 1359 607 1417 tionem,
641 1357 1068 1415 consecrationem,
1105 1356 1387 1423 imperiique
1417 1356 1600 1408 maiani
1629 1373 1766 1410 οοω-

353 1457 374 1483 «
406 1452 514 1486 nam
532 1435 687 1485 eidem
712 1451 801 1501 per
820 1450 988 1485 manus
1006 1450 1116 1485 suas
1135 1433 1313 1484 debere
1330 1433 1525 1485 concedi
1548 1451 1560 1484 ε
1581 1440 1631 1485 et
1649 1434 1766 1486 sub-

354 1534 375 1560 «
407 1517 659 1579 sequenter
676 1529 704 1562 a
722 1511 919 1577 prefatis
944 1511 1137 1570 nuntiis,
1159 1510 1399 1561 sufficiens
1414 1510 1477 1561 ad
1497 1510 1588 1562 boc
1602 1511 1666 1563 ab
1681 1529 1759 1572 eo,

353 1609 377 1637 ι
406 1595 459 1640 ut
500 1589 805 1655 premittitur,
843 1587 1117 1638 mandatum
1157 1587 1459 1646 habentibus,
1502 1587 1763 1640 seeundum

354 1687 376 1714 ι
408 1668 609 1717 sormam
624 1667 682 1716 ·in
701 1665 905 1716 decretis
923 1682 1019 1732 que
1042 1665 1237 1731 incipit:
1273 1665 1375 1715 Tibi
1396 1665 1606 1717 domino¹
1634 1682 1766 1719 cosn-

356 1764 378 1791 ‹
404 1744 704 1811 prehensam,
733 1742 973 1793 fidelitatis
990 1742 1312 1809 juramentum
1333 1742 1533 1809 recepit.
1564 1763 1588 1790 s

417 1826 593 1876 Deinde
614 1842 727 1876 vero
745 1825 957 1892 prefatus
974 1841 1061 1875 rex
1081 1824 1330 1884 Heni-icus,
1352 1825 1548 1891 cupiens
1566 1829 1765 1878 Roaiam

351 1920 566 1970 pergere,
591 1908 822 1969 apparatu
839 1918 927 1952 suo
945 1919 1037 1967 pro
1058 1901 1220 1951 militia
1237 1908 1286 1951 et
1308 1903 1522 1952 exercitu
1540 1902 1766 1955 decenter

350 1982 555 2047 expleto,
594 1981 837 2047 profectus
876 1986 949 2030 est
981 1995 1071 2046 per
1101 1979 1395 2030 Almanniam
1404 1981 1443 2039 ¹,
1480 1980 1765 2048 intravitque

350 2055 573 2107 ducatum
597 2056 660 2106 de
683 2055 999 2116 Quarantanie
1009 2056 1047 2114 ⁸,
1075 2054 1157 2105 ubi
1181 2071 1350 2106 omnes
1372 2056 1698 2108 obedienciam
1720 2058 1765 2108 ei

401 2225 435 2261 1.
457 2222 516 2261 Gt'.
557 2223 696 2270 Gor-pm
721 2224 829 2269 ,iuris
867 2224 1060 2268 canonici,
1098 2221 1190 2259 edit..
1227 2221 1456 2271 Friedherg‚
1489 2228 1518 2260 t..
1550 2222 1589 2271 1,
1621 2235 1659 2273 p.
1692 2223 1763 2264 246

352 2287 403 2326 (e.
425 2280 627 2329 XXXIII,
647 2280 696 2318 D.
716 2279 879 2323 LXIII).

399 2346 434 2384 2.
457 2345 701 2383 L'itineraire
719 2344 771 2382 du
798 2344 856 2383 roi
881 2343 950 2382 des
968 2343 1161 2383 Romains
1183 2349 1245 2382 est
1269 2344 1398 2383 donne
1425 2356 1522 2384 avec
1544 2345 1595 2384 da
1619 2345 1764 2396 grands

351 2404 489 2442 details
502 2415 572 2453 par
590 2404 752 2442 Ferreto
764 2403 812 2442 de
825 2403 1001 2442 Vicenee
1013 2403 1234 2452 (Muratori,
1248 2406 1384 2442 Rerum
1398 2406 1622 2443 uaumm
1643 2408 1766 2454 nortp-

352 2469 455 2508 toros,
471 2470 500 2501 t.
516 2463 594 2512 IX,
609 2463 682 2502 col.
699 2463 824 2511 1057);
847 2463 1005 2502 suivant
1023 2468 1086 2501 eet.
1107 2468 1261 2511 auteur,
1277 2463 1402 2502 Hem-i
1421 2463 1470 2502 de
1490 2464 1766 2514 Luxembourg

350 2523 468 2571 partit
486 2523 533 2561 de
553 2523 762 2561 Lausanne
788 2534 887 2572 pour
905 2522 1044 2561 I’Italie
1067 2522 1104 2560 le
1127 2522 1173 2560 13
1193 2522 1405 2561 novembre
1430 2523 1537 2562 1310.
1560 2523 1631 2571 (Cf.
1650 2523 1765 2562 mis·

350 2583 448 2620 toire
461 2581 508 2620 de
526 2582 630 2620 Jean
647 2581 695 2620 de
708 2582 956 2630 Cei-menate,
969 2581 1173 2630 Mummi-i,
1188 2586 1218 2618 t.
1233 2581 1309 2629 IX,
1325 2582 1399 2620 col.
1416 2582 1538 2629 ¹233.)
1552 2582 1715 2632 D’apras
1728 2583 1765 2621 le

354 2647 507 2689 rapport
533 2641 687 2679 adi-esse
709 2652 780 2690 par
807 2641 981 2688 Nicolas,
1009 2641 1159 2690 eveque
1182 2639 1231 2678 fle
1257 2641 1458 2689 Butrinto,
1484 2641 1510 2679 a
1526 2641 1707 2680 clement
1725 2642 1764 2679 V

354 2699 480 2746 (Ibid.,
501 2700 574 2737 col.
596 2700 696 2747 887),
714 2700 842 2738 Hem-i
861 2699 980 2738 serait
1005 2700 1134 2737 arrive
1160 2699 1184 2737 a
1212 2700 1337 2738 Tutin
1356 2712 1405 2738 au
1431 2702 1532 2740 mois
1553 2699 1760 2740 d’oetobre.

403 2764 436 2800 3.
459 2764 491 2801 Il
511 2764 624 2812 s‘agit
643 2776 736 2802 sans
756 2765 872 2803 doute
891 2764 939 2803 de
963 2765 1001 2802 la
1019 2763 1235 2802 Cariathie.
