1838 3164
121 286 226 333 1297]
396 289 770 324 GERONOGRAPHIA
794 289 950 323 REGUU
972 289 1253 323 mucclam.
1480 287 1523 323 71

117 368 377 418 exercitum
401 368 528 434 regis
545 368 674 433 apud
697 367 1190 433 Anglimonasterium.
1212 367 1292 416 Illa
1314 383 1432 416 vero
1448 366 1527 417 die

115 451 348 495 venerunt
367 443 658 511 Brugenses¹
676 443 738 493 ad
760 459 941 509 regem,
962 450 1289 508 presentantes
1308 444 1353 494 ei
1372 444 1528 494 claves

115 523 177 573 de
201 523 369 589 Brugis
385 539 447 572 ex
471 527 606 588 parte
623 521 769 570 totius
792 521 1160 570 communitatis,
1188 524 1290 571 Rex
1315 537 1524 586 quoque,

116 599 296 649 eisdem
333 597 584 664 susceptis,
620 596 750 646 misit
784 597 1023 662 prefatum
1055 597 1297 656 lou-olum,
1333 597 1528 647 fratiem

115 691 273 734 suum,
288 691 398 724 cum
407 689 578 740 magna
589 677 882 722 armatorum
897 671 1215 730 multitudine,
1229 672 1311 737 qui
1323 690 1384 722 ex
1394 678 1529 738 parte

115 752 215 819 ejus
238 751 445 817 suscepit
461 749 696 816 homagia,
724 749 866 799 salvis
889 765 1057 799 eorum
1080 749 1308 816 legalibus
1331 766 1530 800 consue-

114 828 373 879 tudinibus.

176 907 344 955 Postea
373 904 501 954 idem
525 904 725 954 Karolus
749 904 963 970 perrexit
986 904 1035 954 in
1059 907 1178 963 Dan,
1205 903 1287 954 ubi
1317 904 1530 970 reperire

111 982 334 1034 exedebat
358 981 599 1048 navigium
623 981 751 1048 regis
775 981 969 1047 inguim
996 981 1323 1047 quodquidem
1349 981 1529 1047 Angliei

110 1060 401 1111 reduxerant
430 1060 479 1108 in
512 1075 662 1109 mare.
694 1062 751 1109 Et
782 1058 1129 1117 nichilominus,
1157 1058 1268 1107 villa
1298 1057 1389 1107 sibi
1422 1058 1531 1108 red·

13 1135 21 1211 :J
110 1137 225 1196 dita,
254 1137 412 1203 posuit
439 1136 616 1186 ibidem
645 1141 883 1186 trecentos
915 1135 1148 1186 soldarios
1179 1135 1241 1186 ad
1265 1135 1532 1186 custodien-

112 1215 228 1265 dum
246 1214 405 1263 villam
418 1220 467 1263 et
478 1229 700 1265 reversus
715 1219 789 1263 est
799 1212 859 1263 ad
876 1229 1059 1280 regem.
1075 1215 1176 1263 Rex
1192 1213 1350 1278 itaque
1365 1213 1531 1278 Anglie

14 1304 27 1330 ³*
112 1298 162 1343 et
184 1307 344 1341 comes
367 1289 600 1350 mandrie,
628 1290 831 1340 scientes
854 1289 986 1355 quod
1010 1290 1207 1357 Brugias
1232 1290 1340 1355 (sio)
1363 1294 1413 1339 et
1432 1293 1531 1339 Dan

112 1385 164 1419 se
178 1367 513 1425 reddidissent,
533 1367 767 1418 miserunt
789 1367 961 1418 ducem
984 1366 1172 1417 Austrie
1195 1372 1244 1416 et
1268 1366 1533 1432 prinoipem

112 1446 259 1498 Walie
290 1461 399 1494 cum
430 1461 603 1512 magno
627 1444 838 1495 exercitu
868 1445 916 1494 in
945 1448 1042 1494 Dan
1075 1462 1085 1492 :
1116 1460 1262 1509 quam
1287 1443 1533 1493 confestim

8 1519 9 1522 ’
112 1521 441 1589 aggredientes
459 1522 508 1570 vi
532 1537 794 1580 armorum,
821 1522 976 1587 ipsam
993 1521 1253 1586 ceperunt'
1275 1525 1324 1569 et
1347 1519 1533 1569 occide·

112 1604 225 1650 runt
271 1615 437 1649 omnes
476 1598 707 1649 soldarios
746 1614 869 1664 quos
910 1613 1071 1647 comes
1112 1596 1313 1646 Karolus
1355 1595 1533 1645 ibidem

14 1694 18 1701 ’
113 1683 353 1744 posuerat,
381 1693 436 1726 ac
458 1676 703 1726 redierunt
727 1675 1005 1727 Gandavum
1030 1670 1111 1724 ubi
1137 1673 1373 1724 Robertus
1398 1673 1533 1724 Flan-

10 1767 11 1770 ’
115 1754 300 1805 drensis
323 1759 518 1803 venerat
542 1753 604 1802 de
628 1752 813 1802 Insulis.

179 1835 328 1883 Porro
358 1846 519 1880 comes
550 1829 771 1880 Gueldrie
803 1828 926 1878 dixit
954 1828 1115 1878 comiti
1139 1826 1373 1886 Flandrie,
1403 1826 1534 1892 quod

113 1925 201 1961 rex
231 1908 506 1974 Radulphus
537 1906 810 1957 nullomodo
841 1923 892 1956 se
918 1906 1195 1971 disponeret
1225 1905 1287 1955 ad
1311 1921 1534 1971 guerram

114 1991 162 2035 et
184 1983 419 2051 quodrex
437 1983 630 2033 Francie
649 1998 759 2032 eum
778 1987 1060 2047 corruperat
1084 1981 1361 2031 muneribus
1379 1987 1534 2030 trans-

117 2062 273 2112 missis
297 2077 385 2127 per
410 2060 641 2111 Jacobum
665 2059 727 2108 de
751 2062 921 2109 Sancto
946 2059 1107 2109 Paulo.
1136 2061 1265 2108 Tunc
1289 2057 1389 2107 dux
1415 2058 1535 2108 Aus-

115 2137 204 2188 trie
216 2136 410 2205 juravit,
434 2135 563 2202 quod
589 2136 676 2185 hac
690 2151 863 2202 guerra
879 2135 1028 2195 finita,
1053 2139 1376 2184 commoveret
1394 2150 1536 2200 guer-

114 2232 218 2265 ram
254 2220 419 2264 contra
454 2230 618 2280 regem
658 2213 932 2271 Almannie;
965 2217 1013 2262 et
1047 2217 1161 2262 tunc
1199 2216 1537 2277 percusserunt

114 2291 249 2342 fedus
263 2307 372 2341 cum
387 2307 445 2342 eo
458 2291 556 2340 dux
572 2290 847 2349 Brabancie,
865 2290 1093 2340 Henricus
1107 2289 1168 2338 de
1184 2288 1531 2354 Lucemburgo‚

117 2385 277 2419 comes
300 2367 536 2427 Gueldrie‚
566 2367 789 2417 dominus
814 2366 1112 2424 Albimontis‚
1141 2365 1453 2415 Walerandus
1475 2365 1536 2415 de

118 2446 416 2497 Falcomonte
425 2445 648 2496 dominus
662 2451 982 2512 cognomento
995 2444 1162 2494 Ruffus
1174 2444 1212 2503 ³,
1226 2449 1271 2493 et
1282 2443 1444 2509 plures
1459 2442 1536 2492 alii

171 2601 206 2638 1.
227 2598 347 2637 Salon
371 2599 411 2637 la
430 2600 640 2647 carensque
667 2599 887 2644 numanae,
907 2602 1046 2647 quatre
1072 2596 1280 2646 bourgeois
1306 2596 1355 2636 de
1383 2596 1536 2646 Bruges

121 2659 394 2709 presentarunt
413 2658 470 2696 les
489 2659 584 2697 class
601 2658 648 2696 da
668 2659 754 2696 leur
772 2658 863 2696 ville
884 2668 934 2695 au
953 2657 1011 2695 roi
1033 2659 1081 2706 (p.
1104 2658 1175 2705 1¹).

173 2718 210 2756 2.
233 2718 279 2755 10
297 2717 454 2756 octobre
474 2718 580 2757 1297.

176 2777 211 2815 3.
233 2777 287 2814 Ce
306 2776 461 2815 dernier
479 2787 572 2815 nom
586 2781 646 2815 est
666 2776 768 2815 celui
781 2775 833 2815 du
853 2776 969 2814 Roux
981 2775 1029 2814 de
1047 2775 1332 2824 Fauquemont.
1353 2775 1459 2813 Tous
1472 2785 1537 2813 ces
