1838 3164
105 252 210 300 1313]
383 255 755 290 GRRONOGRAPmA
780 257 934 290 RBGUH
958 256 1238 291 mnoomnt.
1445 254 1511 292 199

100 335 353 395 pontificis,
373 336 804 385 excommunicatus
820 336 1023 385 decessit
1035 337 1091 402 ¹),
1111 337 1360 403 dalphinus
1375 337 1512 389 Vien-

99 413 274 471 nensis,
294 428 455 462 comes
473 413 721 471 Sabaudie‚
738 412 967 461 Henricus
985 413 1045 462 de
1064 414 1330 472 Namurcio,
1351 430 1512 464 comes

98 489 350 548 Clevensis‚
370 489 604 539 Robertus
620 488 728 539 Sine
743 490 887 537 Terra
901 494 949 536 et
964 489 1123 553 plures
1137 490 1213 539 alii
1227 491 1511 542 revertendo

96 566 397 616 adduxerunt
420 565 482 615 ad
504 565 711 615 Brixiam
729 564 984 614 civitatem.
1007 565 1099 614 Sed
1118 567 1228 630 quia
1245 567 1512 619 Brixienses

97 643 459 702 rebellaverant,
490 646 749 706 renuerunt
779 641 1039 691 exercitum
1066 641 1193 691 intus
1222 643 1435 708 recipere
1463 650 1512 695 et

97 719 312 769 victualia
344 736 429 770 sua
460 718 615 769 eidem
647 718 837 769 tradere
868 725 1186 786 negaverunt;
1219 727 1511 786 quapropter

96 797 314 855 barones,
342 795 580 846 iracundia
603 795 737 853 moti,
766 796 984 861 protinus
1008 794 1298 846 obsederunt
1321 797 1507 846 urbem.

95 874 362 924 Brixienses
375 889 492 922 vero
510 888 561 921 se
576 872 792 922 videntes
807 873 875 922 sic
891 873 1131 932 obsessos,
1153 873 1278 923 illico
1292 873 1354 923 ad
1370 891 1510 924 unam

94 956 280 1017 partem
315 949 422 1000 ville
459 949 635 999 flumen
647 988 658 1006 ‚
699 967 796 1015 quo
832 950 997 999 civitas
1038 950 1286 1010 irroratur,
1326 967 1511 1000 veneno

2 1052 3 1055 ¹
95 1027 378 1085 infecerunt,
417 1026 572 1076 taliter
609 1026 737 1092 quod
771 1043 866 1076 non
902 1033 1004 1076 erat
1039 1027 1182 1076 homo
1218 1043 1302 1077 seu
1338 1026 1507 1085 bestia,

0 1130 3 1179 3
94 1104 176 1169 qui
209 1103 269 1153 de
302 1121 424 1170 aqua
460 1109 672 1169 potaret,
704 1104 819 1169 quin
849 1103 1008 1154 subito
1039 1110 1308 1155 moreretur
1342 1124 1352 1153 :
1385 1105 1511 1155 unde

0 1201 1 1205 ¹
95 1181 227 1231 multi
251 1181 361 1246 equi
384 1181 626 1246 muiteque
650 1197 853 1247 persone
877 1181 926 1231 in
949 1182 1158 1231 exercitu
1186 1182 1507 1233 decesserunt.

159 1266 287 1314 Tunc
311 1263 462 1314 Guido
486 1263 547 1313 de
571 1264 837 1323 Namurcio‚
863 1271 915 1314 ut
936 1264 1131 1330 quidam
1155 1265 1334 1325 dicunt,
1358 1266 1511 1332 impo-

93 1341 304 1390 cionatus
331 1339 448 1389 obiit
473 1346 521 1390 et
548 1340 749 1390 Alardus
772 1340 833 1390 de
857 1341 1064 1407 Robays‚
1091 1342 1243 1399 miles,
1271 1358 1379 1391 cum
1406 1343 1511 1408 plu-

95 1418 226 1469 ribus
258 1418 376 1467 aliis.
409 1420 508 1477 Qua
541 1418 603 1467 de
632 1434 685 1468 re
719 1418 922 1468 barones
954 1419 1000 1467 in
1034 1423 1216 1468 tantum
1249 1420 1509 1469 contristati

94 1501 203 1547 sunt
231 1494 360 1560 quod
395 1494 527 1544 ocius
558 1494 795 1544 civitatem
827 1495 1023 1562 aggredi
1052 1495 1260 1545 fecerunt
1289 1502 1385 1546 tam
1414 1497 1509 1545 for-

93 1572 204 1621 titer
240 1572 368 1637 quod
408 1572 457 1621 vi
501 1578 637 1639 capta
677 1579 767 1622 est.
816 1573 933 1622 Huic
977 1574 1177 1630 assultu,
1219 1579 1272 1623 ut
1314 1574 1508 1639 quidam

93 1648 303 1708 tradunt,
334 1648 640 1701 Walerandus
663 1649 1109 1716 Luxemburgensis,
1133 1650 1279 1699 frater
1302 1651 1508 1700 defuncti

93 1726 392 1792 imperatoris
427 1726 618 1792 sagitta,
656 1743 740 1776 seu
770 1726 947 1776 karello
977 1733 1180 1786 tmolus,
1211 1728 1380 1794 gaudia
1412 1729 1508 1778 vite

93 1802 264 1853 amisit.
284 1802 527 1853 Alemanni
543 1819 676 1861 vero,
698 1819 810 1852 mox
825 1809 879 1852 ut
893 1803 1084 1853 fuerunt
1100 1804 1268 1854 urbem
1286 1805 1503 1872 ingressi,

92 1881 252 1931 hostes
275 1879 521 1945 utriusque
545 1896 687 1930 sexus
710 1880 1010 1939 obtruncant,
1033 1898 1060 1930 a
1080 1881 1258 1947 majore
1276 1898 1425 1947 usque
1446 1883 1507 1933 ad

94 1958 357 2017 minimum,
374 1957 688 2023 omnibusque
703 1957 917 2016 sublatis,
940 1958 987 2007 in
1007 1958 1147 2008 inicio
1166 1959 1317 2009 noctis
1332 1959 1507 2025 ubique

94 2035 252 2102 ignem
287 2034 591 2084 immittentes
626 2033 687 2083 ad
723 2040 877 2083 castra
914 2051 997 2084 sua
1033 2035 1093 2084 ad
1135 2036 1507 2100 pernoctandum

94 2111 298 2178 regressi
325 2117 433 2161 sunt
461 2129 470 2159 :
498 2111 566 2160 sic
595 2111 722 2160 enim
750 2116 862 2160 tunc
891 2111 1098 2161 desolata
1123 2112 1207 2161 suit
1235 2112 1310 2161 illa
1339 2113 1507 2162 nobilis

94 2188 258 2238 civitas
282 2193 330 2237 et
353 2188 608 2239 destructa.
1141 2190 1151 2199 “

159 2271 404 2321 Exercitus
440 2288 645 2337 namque
681 2271 851 2322 exinde
886 2271 1136 2330 recedens„
1176 2272 1235 2322 ad
1271 2276 1505 2323 Lucanam

94 2349 333 2398 civitatem
365 2365 458 2414 que
492 2348 708 2399 similiter
740 2365 791 2398 se
824 2349 1131 2398 rebeliaverat
1163 2350 1386 2408 aocessit;
1419 2350 1506 2400 hec

94 2427 236 2478 etiam
252 2427 300 2476 vi
316 2443 557 2477 armorum
573 2434 726 2494 capta,
746 2427 966 2476 omnibus
981 2427 1146 2477 occisis
1161 2434 1242 2477 aut
1260 2428 1505 2494 captivatis

95 2509 144 2554 et
161 2504 296 2554 bonis
312 2494 686 2570 quibuscumque
699 2504 911 2562 sublatis»,
929 2504 1036 2570 igne
1051 2510 1230 2554 vastata
1245 2510 1335 2554 est.
1352 2505 1505 2554 Multis

146 2675 176 2712 Ι.
202 2674 293 2712 Ceci
309 2686 331 2712 a
350 2679 434 2712 tout
454 2674 538 2712 l’air
551 2674 667 2714 d’une
687 2674 859 2713 addition
878 2675 1117 2724 posterieure
1137 2675 1159 2712 ὲ
1180 2675 1218 2713 la
1237 2676 1501 2714 construction

97 2733 143 2771 de
165 2734 200 2771 la
219 2734 372 2782 phrase.
393 2733 511 2772 Louis
530 2733 576 2772 de
597 2733 763 2773 Baviere
782 2740 939 2772 mourut
959 2735 993 2772 le
1012 2735 1054 2772 2¹
1077 2734 1234 2772 octobre
1255 2735 1359 2773 ¹347.
