1838 3164
119 274 223 323 13¹5]
393 277 765 312 cunomfflm’nu
790 279 943 312 uam!
968 280 1248 316 mucontm.
1452 277 1517 315 221

116 358 334 405 Preterea
363 355 489 406 idem
522 356 809 411 Ludovicus,
846 358 1134 406 Francorum
1163 374 1275 416 rex,
1306 358 1442 408 duxit
1474 358 1522 407 in

114 448 314 481 uxorem
337 431 666 491 Clemenciam,
692 432 837 481 filiam
861 432 988 497 regis
1012 434 1290 500 Hungarie¹.

177 509 354 559 Deinde
377 515 481 559 orte
505 514 615 559 sunt
631 508 778 558 multe
794 507 1120 559 tribulationes
1138 512 1184 559 in
1211 527 1378 577 regno,
1400 511 1522 560 sicut

111 585 231 635 infra
267 587 464 651 patebit.
502 590 649 637 Porro
683 601 770 634 rex
808 584 1075 650 Philippus,
1113 586 1228 636 dum
1266 587 1435 653 agebat
1473 587 1521 636 in

110 662 344 722 humanis,
372 663 575 713 habebat
605 677 751 712 unum
787 661 1124 721 consiliarium,
1152 663 1328 712 scilicet
1360 667 1522 730 Inger-

110 755 312 790 rannum
334 739 396 789 de
417 738 698 806 Margniaco,
722 737 824 788 sine
850 737 986 805 cuijus
1008 755 1204 789 assensu
1233 746 1281 788 et
1305 740 1521 790 examine

111 815 174 864 nil
204 815 427 867 decenter
456 817 632 865 factum
666 815 715 864 in
747 814 877 865 curia
907 815 1009 883 regi
1038 815 1306 867 videbatur.
1343 816 1522 866 Accidit

109 897 284 949 autem,
320 891 451 957 quod
486 892 702 951 Karnine,
737 907 899 942 comes
933 891 1119 952 valesii,
1153 898 1351 958 patruus
1382 893 1521 959 hujus

108 968 234 1036 regis
257 968 499 1028 Ludovici,
520 969 603 1035 qui
620 969 861 1035 aspirabat
876 969 939 1019 ad
957 985 1176 1036 regnum,
1195 986 1394 1021 exosum
1411 986 1520 1020 eum

105 1045 295 1104 habuit3
321 1045 525 1111 fecitque
550 1051 735 1096 tantum
758 1045 886 1112 apud
910 1062 1091 1113 regem,
1115 1053 1338 1112 nepotem
1360 1063 1516 1105 suum,

107 1123 354 1173 criminum
372 1123 684 1183 accusatione,
707 1123 859 1190 magis
882 1140 943 1173 ex
967 1123 1143 1174 invidia
1166 1130 1215 1174 et
1238 1124 1350 1175 odio
1374 1141 1517 1190 quam

107 1215 196 1265 pro
235 1216 288 1250 re
321 1216 466 1266 quam
505 1199 813 1266 delinquisset
850 1199 955 1266 (sic)
969 1239 981 1259 ‚
1019 1206 1071 1251 ut
1105 1201 1299 1267 quidam
1336 1201 1516 1260 dicunnt,

106 1276 235 1341 quod
271 1277 319 1328 in
354 1276 566 1343 patibulo
601 1277 964 1327 Montisfalconis
999 1277 1227 1337 Parisius,
1264 1295 1349 1328 rex
1379 1278 1519 1345 jussit

105 1369 215 1403 eum
240 1353 514 1419 suspendi².

169 1431 385 1479 Preterea
410 1429 646 1480 comitissa
670 1429 874 1481 Arthesii
897 1430 1100 1480 habebat
1128 1430 1383 1497 quemdam
1405 1448 1518 1481 con-

103 1505 328 1556 siliarium
358 1507 448 1556 sibi
480 1507 677 1558 nimium
706 1507 1001 1567 familiarem,
1039 1508 1212 1558 scilicet
1241 1508 1518 1575 magistrum

104 1583 460 1643 Theodericum,
487 1601 548 1634 ex
572 1584 815 1650 preposito
839 1584 900 1634 de
918 1586 1039 1635 Area
1062 1584 1340 1651 episcopum
1362 1586 1517 1635 Aure·

103 1660 392 1720 batensem³,
423 1660 496 1710 cui
527 1660 739 1710 invidere
769 1667 997 1726 ceperunt
1027 1661 1281 1711 nobiliores
1305 1661 1517 1728 ejusdem

102 1738 368 1796 comitatus,
397 1743 716 1803 proponentes
740 1738 1028 1788 comitissam
1053 1738 1173 1788 ritus
1194 1739 1413 1804 antiquos
1443 1739 1516 1788 sui

101 1814 348 1864 comitatus
372 1814 637 1864 demoliri⁸.
664 1813 793 1864 Unde
812 1814 1005 1880 quidam
1028 1831 1194 1865 eorum
1214 1815 1431 1865 abierunt
1455 1816 1514 1864 ad

101 1891 336 1957 prefatum
366 1891 588 1942 comitem
619 1891 805 1950 valesii,
837 1890 1151 1958 deposcentes
1183 1892 1404 1958 quatinus
1431 1908 1514 1941 eos

95 1968 281 2034 juvaret
317 1968 363 2018 in
395 1968 501 2035 jure
536 1968 667 2017 suo&
702 1970 840 2017 Facta
873 1973 946 2017 est
979 1974 1137 2017 autem
1172 1968 1508 2027 confederatio,

149 2105 183 2142 1.
205 2103 411 2143 Οἰόαιοιιοο
437 2103 486 2142 de
510 2102 685 2152 Hongrie
713 2103 859 2152 ὄρουσα
887 2103 1004 2141 Leuis
1024 2103 1064 2141 X
1091 2103 1127 2141 le
1147 2103 1191 2141 19
1218 2106 1310 2142 aout
1329 2104 1434 2143 1315.
1459 2105 1513 2143 Ce

101 2164 159 2201 l'ut
176 2162 264 2201 Hue
289 2162 337 2201 de
360 2162 540 2202 Bouville
569 2173 644 2212 que
670 2163 706 2200 le
734 2162 792 2200 roi
821 2163 990 2211 chan-gea
1017 2162 1064 2200 de
1089 2163 1303 2202 demandet
1321 2174 1366 2201 sa
1389 2164 1511 2202 main.

102 2223 327 2270 (chronique
342 2221 395 2260 du
414 2221 691 2261 continuateur
708 2221 755 2259 de
775 2221 999 2260 Gumaume
1017 2222 1064 2260 de
1084 2222 1250 2272 Nangis,
1271 2230 1298 2261 t.
1315 2223 1349 2270 1,
1368 2234 1406 2272 p.
1427 2224 1512 2271 115,

101 2281 185 2329 422,
206 2292 247 2319 n.
270 2281 307 2328 3,
327 2286 366 2320 et
385 2280 483 2327 423.)

146 2340 183 2379 2.
203 2339 460 2388 Enguemnd
483 2339 531 2378 de
558 2340 739 2389 Marigny
765 2340 822 2378 l'ut
847 2341 1012 2379 execute
1039 2341 1076 2379 le
1105 2341 1150 2379 30
1178 2342 1276 2380 avril
1303 2341 1416 2389 1315,
1443 2353 1514 2391 par

101 2399 343 2448 consequent
361 2403 480 2436 avant
499 2399 535 2436 le
553 2409 664 2438 sacre
682 2398 733 2436 du
754 2399 824 2437 roi.
842 2399 947 2437 Pour
966 2399 1002 2436 le
1023 2400 1120 2438 tecit
1138 2399 1184 2438 de
1204 2411 1275 2438 son
1293 2401 1445 2449 proces,
1459 2411 1511 2438 on

101 2467 143 2495 se
163 2463 362 2506 reportata
381 2463 534 2496 sui-tout
551 2469 630 2497 aux
648 2459 812 2497 Grandes
837 2460 1064 2507 chronique-e
1083 2460 1128 2507 (t.
1149 2459 1199 2507 V,
1222 2471 1258 2508 p.
1279 2460 1349 2498 ‘2¹0
1369 2460 1393 2497 a
1411 2460 1511 2506 220).

147 2517 183 2554 3.
206 2516 283 2554 Sur
300 2515 455 2555 Thlerri
473 2516 726 2565 d’Hirechon,
747 2518 833 2556 voir
850 2518 937 2566 plus
957 2518 1068 2566 haut,
1087 2529 1124 2567 p.
1151 2518 1236 2566 168,
1255 2530 1296 2557 n.
1318 2520 1355 2557 4.

148 2577 183 2614 4.
205 2575 260 2614 Le
286 2575 562 2614 continuateur
585 2576 633 2615 de
657 2576 879 2615 Guillaume
906 2577 954 2615 de
978 2577 1130 2626 Nangis
1154 2580 1198 2624 (t.
1218 2577 1253 2626 1,
1271 2589 1309 2626 p.
1331 2578 1414 2627 425)
1441 2578 1511 2616 fait

101 2644 180 2672 une
199 2639 333 2672 courte
352 2634 521 2672 allusion
534 2634 558 2671 a
570 2645 637 2673 ces
655 2635 910 2674 &venements
929 2640 968 2674 et
986 2635 1149 2685 pretend
1167 2647 1243 2686 que
1263 2637 1301 2674 la
1319 2643 1512 2675 comtesse

101 2692 273 2731 d’Artois
294 2707 308 2728 ι
332 2694 436 2742 ipsos
460 2693 632 2733 indebite
657 2694 811 2733 volebat
832 2694 1062 2743 opprimere.
1088 2708 1104 2730 ι
1125 2693 1236 2733 Avec
1263 2706 1308 2734 ce
1334 2701 1456 2740 texte,
1472 2696 1513 2744 je

102 2762 152 2791 ne
178 2753 261 2790 vois
285 2764 359 2801 que
385 2754 440 2791 les
464 2754 667 2791 ancisum
694 2755 914 2801 chroniques
939 2756 982 2792 de
1005 2756 1167 2792 Μανιῶν
1196 2756 1346 2803 (Hister.
1367 2757 1411 2792 do
1427 2754 1508 2801 Vr„
