1838 3164
388 306 454 342 180
658 307 1027 342 cusosooiuruu
1053 305 1205 340 noun
1231 304 1508 339 rmoosuu.
1680 301 1783 349 [¹³07

386 389 480 436 vim
505 393 553 436 et
576 403 766 437 manum
791 387 967 455 regiam
992 386 1149 437 subito
1173 386 1296 452 capti
1320 391 1369 436 et
1392 386 1663 435 incarcerati
1689 386 1788 435 fue-

383 471 493 515 runt
511 465 822 531 omnibusque
844 465 980 516 bonis
998 466 1094 515 suis
1120 463 1460 531 temporalibus
1477 462 1679 530 spoliati,
1701 480 1790 531 per
1832 463 1838 468 ”

384 542 655 593 universum
697 560 895 610 regnum
935 543 1125 593 Francie
1139 582 1151 601 ‚
1198 557 1363 591 omnes
1402 541 1572 591 statres
1619 540 1786 591 milicie

383 619 581 686 Templi,
603 608 684 685 qui
708 619 983 670 dicebantur
1002 619 1300 685 Templarii¹.
1325 617 1572 668 Dicebatur
1587 633 1720 677 vero,
1742 624 1791 668 et

382 696 448 744 sic
464 703 843 764 recognoverunt
863 697 951 762 ipsi
971 697 1218 762 Templarii
1239 711 1399 746 coram
1417 694 1679 745 innumeris
1695 692 1790 744 fide

381 771 552 838 dignis,
581 772 709 838 quod
739 772 879 822 iidem
910 772 956 821 in
988 772 1090 838 ipsa
1123 771 1416 839 professione
1448 786 1549 830 sua,
1576 785 1720 837 qmm
1742 769 1791 820 in

380 848 534 914 prima
548 848 625 898 die
643 865 737 914 qua
759 850 915 914 ipsum
936 848 1155 899 ordinem
1174 848 1428 907 intrabant,
1452 853 1634 898 remota
1658 861 1793 897 oom-

382 925 511 975 sione
538 925 642 991 (sic)
663 925 952 982 omnimoda,
976 942 1102 975 anno
1127 926 1422 992 probationis
1442 924 1630 992 penitus
1649 923 1794 974 inter-

382 1003 545 1062 misso,
568 1003 613 1051 in
641 1003 742 1052 loco
769 1003 931 1053 abdito
957 1002 1204 1062 faciebant,
1232 1006 1381 1053 Deum
1408 1002 1625 1070 primitus
1648 1000 1792 1052 abne-

381 1079 553 1145 gabant
577 1078 654 1128 tali
677 1079 819 1129 modo
844 1079 1010 1139 coacti,
1037 1079 1167 1145 quod
1199 1079 1245 1128 in
1278 1079 1400 1146 ipso,
1430 1085 1483 1130 ut
1512 1077 1790 1146 predicitur,

382 1157 485 1205 loco
508 1155 683 1214 abdito,
706 1156 843 1205 allata
866 1162 1150 1222 ostensaque
1169 1155 1259 1206 sibi
1276 1173 1304 1205 a
1322 1155 1550 1222 magistro
1565 1154 1689 1205 illius
1704 1153 1793 1205 loci

381 1248 537 1290 cruce,
565 1232 750 1299 depicta
781 1233 828 1282 in
858 1233 1026 1283 eadem
1055 1249 1195 1283 cruce
1221 1233 1439 1300 ymagine
1471 1231 1725 1283 Salvatoris
1746 1238 1796 1283 et

382 1308 609 1374 magistro
625 1308 811 1359 dicente
825 1310 1047 1360 eumdem
1067 1310 1359 1360 salvatorem
1381 1310 1527 1360 fuisse
1538 1308 1794 1376 quemdam

382 1385 550 1434 falsum
573 1386 873 1451 prophetam,
896 1394 972 1444 ter
993 1403 1138 1453 super
1157 1387 1309 1453 ipsam
1331 1402 1521 1437 enicem
1544 1392 1593 1437 et
1617 1385 1797 1454 ymagi-

383 1478 491 1511 nem
509 1462 849 1528 conspuebant.
866 1463 1000 1524 Quod
1019 1463 1058 1514 si
1076 1464 1183 1530 quis
1203 1463 1358 1514 facere
1376 1469 1615 1524 renueret,
1637 1462 1796 1515 atatim

383 1538 429 1587 in
461 1539 564 1604 ipso
595 1539 757 1589 abdito
787 1540 862 1589 vel
899 1540 1009 1590 alibi
1043 1540 1184 1607 paulo
1216 1546 1326 1607 post
1356 1539 1682 1591 trucidebatm·
1710 1555 1795 1591 seu

382 1615 533 1682 capite
552 1616 861 1682 plectebatur,
884 1624 965 1668 aut
987 1618 1048 1668 ad
1072 1618 1232 1668 locum
1252 1618 1622 1669 remotissimum
1639 1616 1797 1668 mitte-

383 1692 522 1743 batur
545 1709 654 1743 cum
677 1693 844 1745 litteris
865 1695 1148 1755 interclusis,
1176 1712 1339 1747 secum
1355 1695 1575 1747 deferens
1591 1699 1796 1747 monem

384 1786 535 1819 suam.

448 1847 533 1905 Qui
553 1852 728 1906 autem,
750 1848 981 1916 abnegato
997 1850 1254 1909 Salvatore,
1273 1849 1604 1916 profitebatur,
1624 1850 1797 1917 ungis·

431 1978 464 2013 1.
485 1989 500 2011 ι
520 1976 714 2016 Robertus
733 1978 933 2026 Rocherii,
948 1979 1124 2017 serviens
1145 1990 1359 2028 armorum,
1373 1990 1443 2029 pro
1461 1978 1646 2029 expensis
1665 1978 1797 2018 battis

386 2049 402 2069 a
424 2035 471 2073 de
490 2035 638 2084 Turno,
657 2038 891 2075 thesaurarii
910 2038 1107 2087 quondam
1125 2038 1293 2088 Templi,
1313 2038 1427 2077 tactis
1444 2039 1487 2076 in
1506 2038 1685 2078 ducendo
1703 2049 1798 2077 eum

387 2109 403 2128 a
424 2093 470 2132 de
491 2094 737 2146 Rothomago
761 2097 949 2145 Par-isius,
971 2108 1061 2136 cum
1080 2109 1118 2135 iv
1138 2097 1399 2136 servientibus
1419 2097 1635 2147 Castelleti‚
1652 2109 1702 2136 ιι.
1719 2098 1746 2136 L
1765 2103 1794 2135 t.

386 2166 401 2187 ι
426 2153 576 2191 fortis...
610 2168 626 2189 ι
657 2155 776 2196 (130⁷.
804 2176 850 2184 -
875 2156 978 2194 Bihl.
1007 2156 1054 2195 de
1080 2156 1235 2205 nonen,
1265 2156 1353 2195 coll.
1383 2156 1523 2204 Leher,
1548 2156 1723 2195 Extraits
1748 2156 1797 2195 de

381 2212 578 2259 Journaux
602 2213 653 2251 du
679 2213 838 2262 Tresor,
864 2214 940 2252 vol.
969 2214 1043 2261 111,
1069 2215 1134 2253 fol.
1164 2216 1181 2253 ¹
1209 2218 1271 2259 r.)
1297 2214 1359 2253 On
1387 2215 1462 2253 sait
1489 2225 1566 2264 que
1593 2215 1629 2253 le
1653 2214 1797 2254 Tre-or

384 2272 493 2318 royal
518 2271 612 2309 etait
637 2271 778 2320 depone
804 2273 929 2321 partie
954 2283 1005 2310 au
1025 2272 1193 2319 Louvre,
1213 2273 1338 2321 partie
1363 2284 1413 2310 au
1433 2273 1616 2323 Temple;
1645 2273 1724 2312 lors
1747 2272 1796 2311 de

384 2329 644 2368 l’arrestation
672 2330 740 2369 des
763 2331 1004 2380 Templiers,
1019 2331 1048 2368 il
1072 2343 1099 2380 y
1124 2338 1190 2369 eut
1215 2332 1402 2381 quelques
1430 2332 1663 2370 hesitation·
1685 2331 1734 2371 de
1757 2332 1797 2370 la

384 2394 470 2438 part
489 2389 555 2426 des
576 2395 713 2438 agents
734 2390 958 2438 finanoiers,
971 2390 1038 2440 qui
1051 2401 1093 2428 se
1107 2390 1388 2428 demandet-ent
1407 2390 1498 2430 sice
1518 2389 1663 2430 second
1681 2390 1796 2440 dep&

386 2448 503 2485 serait
530 2448 725 2496 supprime
753 2461 761 2485 :
787 2463 804 2484 ι
824 2448 1138 2488 Archidiaconus
1163 2448 1485 2498 vindocinensis,
1514 2460 1584 2498 pro
1611 2449 1796 2499 expensis

387 2519 402 2540 ι
426 2506 507 2542 suis
535 2505 664 2544 eundo
687 2506 734 2544 de
755 2507 928 2545 Parisius
953 2506 1001 2544 ad
1029 2518 1161 2556 regem
1191 2507 1292 2556 apud
1318 2508 1497 2557 Longum
1523 2507 1705 2557 Pontem,
1723 2518 1794 2557 pro

387 2578 402 2598 ‹
427 2565 583 2602 sciendo
603 2565 769 2614 qualiter
782 2566 876 2604 etin
889 2577 965 2615 quo
983 2565 1068 2604 loeo
1089 2566 1297 2604 thesaurus
1318 2567 1420 2616 regis
1437 2573 1650 2616 poneretur
1666 2572 1707 2606 et
1722 2577 1794 2617 pro

388 2637 403 2658 ι
426 2623 600 2670 pluribus
626 2624 713 2661 aliis
737 2624 1186 2674 tangentibus·officium
1210 2625 1304 2664 dicti
1327 2627 1517 2675 thesauri,
1536 2637 1607 2675 per
1624 2625 1676 2675 vij
1695 2625 1792 2673 dies,

388 2696 403 2715 u
426 2682 569 2730 eundo,
590 2683 728 2721 stando
748 2690 787 2721 et
807 2683 1003 2722 redeundo
1021 2683 1211 2733 Parisius,
1232 2697 1295 2723 xvi
1314 2685 1341 2723 1.
1357 2685 1408 2734 vij
1430 2697 1462 2723 s.
1485 2685 1550 2734 viij
1570 2684 1608 2723 d.
1623 2691 1654 2723 t.
1667 2685 1792 2732 fortis,

390 2755 403 2775 «
428 2741 606 2780 videlicet
626 2755 649 2780 a
672 2743 733 2781 die
760 2744 956 2783 dominica
981 2750 1067 2793 post
1093 2744 1241 2783 Omnes
1269 2746 1437 2784 Sanetoe
1465 2757 1588 2796 usque
1613 2745 1662 2784 ad
1686 2745 1790 2784 diem

388 2813 403 2834 α
428 2800 604 2838 sabbathi
624 2804 865 2850 sequentis...
890 2818 907 2838 ι
929 2804 1048 2851 (1307.
1070 2825 1118 2832 -
1136 2804 1250 2852 Ibid.,
1271 2806 1335 2843 fol.
1357 2806 1378 2843 3
1399 2810 1468 2849 τ’.)
