1838 3164
331 265 399 302 20⁶2
611 264 983 299 cnaouoonarnu
1010 263 1162 297 mun
1188 262 1468 297 ΠΑΝΟΟΙΙῘΙ.
1630 261 1737 308 [1313

329 367 350 394 ι
382 347 505 397 cium
525 346 690 395 citaret
705 344 780 393 vel
799 342 932 393 citari
950 349 1091 408 atque
1109 342 1286 392 remitti
1305 343 1480 392 faceret
1495 343 1733 399 cumidem,

330 444 351 470 ι
382 436 678 488 nequaquam
708 420 796 470 suit
827 419 1097 486 requisitus.
1127 423 1264 479 Ymo,
1294 419 1402 469 licet
1424 418 1485 469 ad
1510 419 1667 486 ipsum
1690 428 1739 471 et

327 519 348 545 ι
381 498 559 548 curiam
592 513 726 547 suam
758 495 1053 563 temporibus
1086 496 1176 545 illis
1209 512 1432 546 rancores
1468 496 1740 562 frequenter

327 596 348 622 ‹
380 576 440 626 de
473 575 602 625 curia
636 574 935 640 imperatoris
966 573 1180 623 venirent
1213 580 1261 623 et
1290 573 1423 640 juxta
1454 589 1565 623 eum
1597 573 1740 624 etiam

328 673 348 698 «
380 651 572 717 quidam
596 667 657 701 ex
679 650 902 700 fratribus
925 651 1023 700 suis
1049 656 1208 699 essent
1230 667 1240 698 :
1266 649 1399 715 prius
1428 655 1585 699 tamen
1617 649 1741 700 dicte

328 748 348 774 ι
381 728 609 779 sententie
628 726 963 793 promulgatio,
986 742 1129 792 quam
1151 725 1329 791 aliquid
1353 725 1414 775 de
1438 726 1740 791 processibus

329 826 351 852 ι
382 805 783 862 antecedentibus,
808 804 868 853 ad
892 802 1177 854 audientiam
1202 820 1335 854 suam
1361 803 1507 853 venit.
1532 803 1741 870 Deniqffl

328 902 349 928 ι
380 882 488 931 licet
518 881 620 947 ipse
651 896 736 929 rex
771 884 925 929 terras
958 879 1140 943 aliquas
1168 879 1229 929 ab
1262 879 1551 946 imperatore
1580 886 1741 931 tenere

327 978 348 1005 ι
380 959 563 1009 dicatur
584 959 630 1007 in
654 956 879 1006 feodum:
903 971 999 1005 non
1027 961 1182 1005 tamen
1207 955 1255 1005 in
1284 956 1376 1014 eis,
1404 956 1489 1006 sed
1517 956 1563 1006 in
1592 972 1742 1024 regno

326 1055 348 1082 ι
379 1036 563 1123 prefato
593 1033 882 1084 domicilium
913 1047 1052 1081 suum
1083 1031 1288 1081 fovebat.
1322 1032 1454 1083 Unde
1480 1033 1742 1099 imperator

327 1132 347 1158 ι
379 1113 425 1162 in
452 1112 600 1178 ipsius
624 1125 876 1198 personam
902 1108 1078 1158 nullam
1107 1108 1291 1158 ratione
1318 1115 1554 1159 terrarum
1580 1109 1743 1197 hujus-

327 1209 348 1235 ε
383 1188 570 1254 [modi],
598 1188 685 1237 nisi
712 1204 773 1236 ex
802 1192 967 1235 natura
996 1185 1263 1244 feodorum,
1290 1184 1500 1237 debitam
1528 1187 1743 1253 supet-io-

328 1285 348 1310 «
381 1265 567 1314 ritatem
612 1263 832 1313 habebat.
870 1261 963 1311 Sed
1008 1261 1048 1310 si
1088 1260 1306 1348 pugnitio
1347 1261 1580 1321 criminis,
1620 1262 1742 1314 infra

328 1360 348 1386 ‹
381 1339 647 1390 districtum
695 1338 987 1404 imperialem
1035 1337 1248 1396 comissi,
1296 1336 1357 1387 ad
1406 1338 1742 1404 imperatorem

327 1437 348 1463 ι
379 1417 658 1483 pertinuisse
691 1416 887 1466 forsitan
916 1421 1158 1464 asseratur
1185 1431 1196 1462 :
1226 1430 1394 1464 verum
1423 1421 1498 1465 est
1525 1415 1739 1482 quidem,

326 1514 347 1541 ι
378 1495 418 1544 si
449 1495 496 1543 in
530 1493 698 1544 eodem
732 1492 949 1542 districtu
987 1491 1153 1541 fuisset
1188 1491 1407 1542 inventus
1441 1491 1737 1558 delinquens,

326 1591 348 1618 ι
376 1571 451 1620 vel
467 1570 527 1621 ad
543 1571 674 1620 illum
689 1570 750 1620 de
766 1586 900 1619 more
915 1569 1159 1619 remissus.
1175 1569 1334 1618 Dicine
1350 1569 1496 1636 igitur
1510 1571 1741 1621 sententia

327 1668 348 1694 ‹
379 1647 573 1706 meruit,
608 1663 702 1711 que
734 1645 969 1712 ajudice,
1002 1645 1084 1711 qui
1115 1661 1204 1711 per
1233 1662 1397 1712 regem
1426 1662 1593 1697 semre
1621 1646 1743 1698 adiri

327 1741 474 1774 «non
500 1723 655 1790 potuit
676 1728 724 1773 et
741 1723 791 1772 in
809 1723 913 1772 loco
932 1722 1134 1781 notorie,
1156 1728 1210 1772 ut
1227 1723 1482 1788 prefertur,
1503 1741 1599 1775 non
1617 1729 1739 1785 tinto,

328 1802 428 1851 ‹in
457 1801 726 1858 absentem,
762 1816 850 1850 nec
881 1799 1076 1849 citatum
1107 1798 1356 1865 legittime,
1391 1816 1447 1850 ac
1480 1800 1741 1852 inauditum

326 1894 466 1943 «per
488 1893 783 1942 consequens
806 1882 855 1926 et
877 1875 1209 1934 indeffensum,
1237 1892 1331 1926 non
1356 1883 1544 1928 maturo
1561 1878 1741 1965 judicio

326 1954 483 2012 «fuit,
503 1954 587 2003 sed
605 1952 966 2018 precipitatione
982 1957 1032 2002 et
1048 1952 1110 2002 de
1124 1959 1256 2003 tanto
1275 1954 1527 2018 presertim
1545 1954 1741 2005 crimine

326 2030 692 2096 «promulgata.
720 2034 902 2081 Rursus
926 2046 1021 2079 non
1044 2036 1119 2080 est
1146 2029 1330 2080 silentio
1356 2030 1736 2097 relinquendum,

325 2127 347 2154 ι
378 2107 507 2173 quod
548 2123 635 2156 rex
676 2107 779 2172 ipse
822 2106 963 2157 Urbis
998 2113 1047 2156 et
1085 2107 1289 2157 Ecclesie
1323 2107 1505 2157 ratione
1539 2107 1740 2174 predicti

326 2205 346 2230 ‹
376 2184 511 2251 regni
540 2184 725 2233 notorie
752 2183 971 2234 subditus
997 2183 1235 2250 homoque
1261 2190 1309 2234 et
1336 2186 1582 2246 vassallus,
1608 2202 1665 2236 ac
1690 2186 1739 2236 in

326 2282 347 2308 ‹
378 2262 547 2311 eodem
571 2277 738 2327 regno,
766 2277 880 2321 non,
909 2266 962 2310 ut
986 2261 1293 2326 premittitur,
1321 2262 1369 2311 in
1391 2262 1610 2328 imperio,
1636 2279 1740 2314 cer-

327 2358 347 2384 «
378 2345 503 2396 tum,
555 2338 830 2388 continuum
878 2343 927 2387 et
973 2338 1214 2388 notorium
1262 2339 1551 2389 domicilium
1599 2357 1740 2391 suum

328 2436 349 2462 ι
379 2416 580 2475 habens,
619 2433 675 2465 ac
711 2416 945 2483 originem
977 2416 1088 2466 inde
1121 2416 1338 2476 tmhens,
1375 2417 1650 2484 imperatori
1682 2435 1740 2468 eo

326 2513 348 2539 ‹
380 2493 524 2542 modo
547 2510 642 2542 non
661 2493 840 2552 suffuit,
862 2493 992 2559 quod
1016 2493 1066 2542 in
1088 2510 1198 2543 eum
1222 2495 1401 2544 crimen
1426 2495 1523 2544 leve
1545 2496 1741 2545 commi-

327 2590 347 2615 ε
378 2570 492 2619 serit
528 2570 807 2636 majestatiS‚
847 2570 1191 2636 quantumlibet
1227 2572 1385 2621 omnia
1422 2572 1471 2621 in
1510 2572 1740 2622 sententia

326 2667 347 2692 ι
379 2647 646 2712 supradicta
664 2653 885 2697 contenta
902 2647 1150 2698 veritatem
1165 2649 1406 2699 indubiam
1421 2649 1733 2699 continerent.

328 2741 349 2767 ‹
379 2723 547 2787 Sicque
573 2724 746 2774 nedum
771 2742 866 2774 non
889 2725 1012 2791 jure,
1041 2742 1152 2791 ymo
1176 2743 1263 2775 nec
1291 2742 1400 2777 cum
1429 2727 1548 2791 juris
1579 2726 1739 2776 colore
