1838 3164
147 302 253 351 ¹296]
421 307 794 342 cunonoolupnm
818 307 972 342 amm(
999 308 1279 343 rmconmt.
1507 308 1552 345 55

144 385 234 435 bus
257 385 417 435 multis
441 386 696 435 baronibus
718 384 961 435 Almannie
987 385 1114 435 sibi'
1099 403 1198 452 Jam
1220 387 1548 438 confederatis.

143 462 318 512 Deinde
339 462 543 528 expulsit
564 463 626 511 de
647 467 776 511 terra
799 477 885 511 sua
907 461 1123 512 Flandrie
1140 480 1307 515 omnes
1323 464 1406 530 qui
1423 464 1553 515 fave-

143 538 257 589 bant
280 539 510 605 Philippo,
539 537 638 604 regi
662 537 902 587 Francie¹.

206 615 292 674 Qui
317 631 431 664 mox
458 619 510 664 ut
530 615 620 664 hoc
642 613 824 664 audivit
845 614 973 664 idem
995 631 1100 672 rex,
1127 617 1333 666 ostendit
1357 618 1552 683 paribus

142 692 274 758 regni
301 692 374 742 sui
401 691 618 757 injuriam
643 707 788 757 quam
812 690 901 740 sibi
923 691 1096 742 fecerat
1126 692 1369 758 predictus
1390 710 1552 746 comes

141 768 371 818 Flandrie.
413 768 499 828 Qui
532 768 845 818 decreverunt
885 774 937 818 ut
970 768 1097 818 idem
1135 785 1296 820 comes
1327 770 1553 822 citaretur

140 844 464 911 personaliter.
502 844 759 910 vocatique
797 850 909 895 sunt
941 845 1215 911 prepositus
1245 847 1547 905 Monsterolii‚

138 921 328 971 nomine
366 923 543 987 Symon
582 921 890 987 Mounequin,
927 927 976 973 et
1009 922 1204 988 quidam
1241 922 1387 973 cliens
1426 925 1552 990 regis

137 998 185 1048 in
217 998 515 1063 prepositura
544 997 606 1047 de
638 998 970 1064 Bellaquercm
1006 999 1199 1051 nomine
1226 999 1462 1051 lohannes
1490 1000 1550 1050 de

136 1076 332 1134 Bours²‚
354 1081 404 1124 et
425 1074 593 1124 tradite
612 1080 724 1124 sunt
740 1075 811 1124 eis
833 1075 1140 1127 comissiones
1160 1093 1221 1126 ex
1238 1082 1374 1141 parte
1392 1077 1548 1142 regis;

135 1155 185 1202 et
197 1151 246 1201 in
261 1151 527 1202 Flandriam
542 1157 796 1218 pergentes
810 1158 1110 1203 accesserunt
1123 1152 1185 1203 ad
1196 1152 1393 1204 domum
1405 1154 1552 1204 comi-

135 1229 196 1278 tis
222 1245 315 1294 que
339 1228 512 1279 dicitur
533 1228 855 1288 winendale⁸,
882 1229 965 1280 ubi
995 1234 1109 1281 tunc
1129 1246 1292 1280 comes
1315 1234 1421 1280 erat
1441 1247 1551 1281 cum

134 1305 241 1356 filiis
265 1305 364 1356 suis
383 1311 431 1355 et
448 1305 732 1371 quibusdam
749 1306 852 1357 aliis
872 1307 1057 1373 magnis
1073 1306 1206 1357 viris.
1229 1310 1331 1368 Quo
1347 1313 1550 1360 exeunte

135 1382 196 1432 de
218 1382 396 1448 capella
419 1399 521 1442 sua,
550 1383 631 1433 ubi
652 1383 848 1434 missam
871 1383 1102 1443 audierat,
1125 1392 1358 1435 venerunt
1377 1401 1551 1450 preno-

134 1460 298 1510 minati
316 1460 506 1510 obviam
531 1461 575 1510 ei
598 1467 663 1520 et,
691 1461 823 1511 lectis
845 1461 1207 1512 comissionibus
1230 1463 1347 1520 suis,
1375 1463 1550 1513 citave-

133 1544 245 1588 runt
280 1554 407 1595 eum,
449 1554 590 1587 manu
626 1538 794 1596 missa,
836 1539 898 1588 ad
934 1539 1308 1604 comparendum
1344 1540 1550 1591 Parisius

134 1631 295 1665 coram
322 1630 434 1680 rege
467 1614 526 1663 ad
560 1622 739 1664 certam
769 1615 897 1664 diem
920 1621 1012 1664 etc.
1047 1617 1260 1681 Cumque
1289 1616 1544 1674 Robertus‚

132 1691 255 1741 filius
293 1691 505 1757 ejusdem
549 1691 735 1741 comitis
774 1697 822 1741 et
863 1691 1035 1741 fratres
1073 1692 1145 1742 sui
1178 1692 1269 1742 hoc
1308 1692 1544 1752 viderent,

132 1768 358 1836 indignati
381 1768 605 1817 dixerunt
628 1767 758 1833 quod
782 1768 959 1834 aliquid
979 1768 1174 1819 vadium
1197 1786 1293 1819 non
1313 1770 1549 1836 relinque-

132 1851 256 1905 rent,
281 1849 443 1912 preter
464 1861 658 1895 manum
683 1861 827 1911 quam
851 1845 1081 1896 miserant
1103 1846 1151 1896 in
1176 1852 1363 1912 patrem
1386 1863 1544 1898 suum.

131 1920 223 1972 Sed
256 1925 394 1987 pater
422 1920 684 1987 increpavit
708 1921 831 1971 filios
861 1938 921 1971 ne
949 1922 1018 1971 sic
1041 1921 1248 1972 facerent
1277 1922 1548 1973 hominibus

132 1997 332 2048 fideliter
354 1997 683 2048 exercentibus
708 1998 917 2049 officium
939 1998 1011 2048 eis
1040 1999 1314 2057 comissum,
1342 1999 1545 2065 fecitque

132 2073 330 2125 conduci
362 2073 556 2124 clientes
592 2091 743 2139 usque
771 2074 832 2124 ad
863 2078 1048 2124 Novum
1076 2078 1339 2125 Fossatum.
1369 2076 1547 2127 Deinde

131 2150 297 2201 videns
321 2151 522 2216 qualiter
544 2168 628 2200 rex
652 2150 942 2217 procedebat
964 2158 1128 2201 contra
1146 2168 1273 2211 eum,
1296 2169 1383 2218 per
1401 2152 1547 2203 abba-

178 2309 213 2346 ¹.
234 2308 310 2347 Lea
338 2309 544 2347 Anoionnae
568 2310 788 2357 chronique-c
811 2310 855 2347 aa
881 2311 1042 2348 raanan
1066 2314 1156 2348 sont
1186 2314 1357 2348 muettes
1382 2320 1452 2348 sur
1479 2321 1545 2349 eea

129 2367 438 2436 particularium
464 2368 565 2407 mais
591 2369 615 2406 a
638 2369 763 2418 pai-tir
793 2368 842 2407 de
870 2375 932 2408 cet
960 2369 1113 2408 endroit
1139 2369 1198 2407 les
1225 2368 1328 2407 deux
1357 2369 1475 2408 recita
1502 2382 1544 2408 ss

131 2431 298 2523 81112'50112·
318 2496 392 2524 ms.
424 2485 492 2524 des
514 2486 721 2526 Anoiannos
746 2488 965 2534 chroniquos
991 2490 1034 2526 de
1061 2489 1241 2533 mandre,
1272 2489 1450 2528 consulte
1474 2500 1544 2538 par

131 2545 185 2582 M.
206 2544 253 2582 de
271 2544 423 2595 Wailly
445 2547 594 2592 (Hister.
615 2547 658 2583 do
677 2548 753 2591 Ρη,
775 2552 804 2584 t.
824 2546 962 2593 XXII,
981 2558 1019 2595 p.
1042 2547 1140 2594 358),
1159 2547 1216 2585 dit
1238 2559 1314 2597 que
1333 2548 1463 2587 c'dtait
1487 2560 1543 2586 un

131 2607 289 2652 sergent
319 2602 367 2641 de
397 2603 678 2654 Beauquesne;
713 2605 814 2643 mais
846 2605 1050 2655 Sauvage,
1079 2606 1177 2645 dans
1210 2618 1283 2645 son
1316 2607 1484 2655 edition,
1521 2620 1544 2646 a

131 2661 311 2727 imprime
342 2672 417 2710 que
447 2673 493 2700 ee
523 2673 768 2712 personnage
799 2664 894 2702 etait
922 2663 969 2702 de
996 2663 1254 2714 Beauqueme
1282 2671 1322 2704 et
1347 2666 1544 2704 chevalier

130 2719 480 2829 dussfaellinendalffi
494 2782 583 2830 pres
596 2782 813 2830 Thourout‚
827 2783 924 2820 dans
941 2783 1300 2823 l’arrondissement
1312 2785 1360 2823 de
1375 2785 1540 2833 Bruges,
