1838 3164
90 292 194 340 1302]
364 297 734 332 CHRONOGRAPBIA
758 298 911 333 amun
936 300 1214 335 mumolum.
1418 296 1485 334 1¹3

0 418 5 424 ,
87 373 233 439 quod,
269 390 432 425 amore
459 375 559 435 Dei,
592 376 905 441 permitteret,
942 378 1070 441 quod
1101 394 1276 443 corpus
1304 377 1488 427 comitis

85 450 287 500 Arthesii
305 452 599 517 sepeliretur.
621 452 704 502 Cui
727 468 886 501 comes
904 453 1179 519 respondit:
1203 474 1226 501 ι
1251 457 1317 504 De
1335 461 1489 504 morte

88 546 110 572 ‹
141 527 325 577 comitis
343 528 543 578 Arthesii
561 528 761 578 multum
778 527 916 577 doleo
931 547 944 586 ς
966 545 1075 578 nam
1094 536 1365 595 requestam
1381 546 1489 580 ves-

88 622 110 650 «
139 609 262 653 tram
280 604 503 655 exaudire
521 604 661 655 michi
685 620 778 653 non
806 604 1027 670 pertinet,
1055 606 1140 655 sed
1164 607 1407 656 Guillelmo
1428 606 1489 656 de

2 717 15 750 3
87 698 109 726 ‹
139 680 319 730 Julioco
352 686 400 730 et
435 679 620 730 cuidam
653 680 825 729 textori
856 679 917 730 de
949 681 1143 748 Brugis,
1177 683 1258 747 qui
1293 689 1491 733 vocatur

0 770 4 793 ἶ
85 775 107 802 C
1089 795 1100 807 0
1137 779 1158 805 D

0 797 20 903 ᾗ»
82 759 533 900 ..ss’ssffsszffizsst
546 756 928 885 3θὲἱῖῧὲΞυῖ
949 758 1490 895 ’ἒὲῗιῑωῗῗῖῑέἴῖἱξέἰ

0 908 18 980 ξ
81 925 192 960 rens
222 910 468 977 pristinam
500 917 796 977 requestam;
823 913 898 963 cui
929 911 1056 963 idem
1085 912 1356 963 Guillelmus
1389 929 1489 963 res-

79 986 245 1054 pondit
274 1006 284 1037 ε
317 1007 339 1033 ‹
368 991 532 1038 Frater
555 988 638 1048 mi,
666 989 787 1040 sicut
807 989 916 1040 fecit
940 989 1073 1044 fratri
1091 1006 1218 1050 meo,
1236 990 1304 1040 sic
1323 990 1490 1040 faciam

0 1055 15 1130 ξ
83 1082 106 1110 ι
150 1063 256 1113 sibi.
309 1084 330 1111 ι
376 1065 567 1115 Interim
610 1083 725 1116 vero
765 1067 1039 1134 supervenit
1078 1067 1288 1134 prefatus
1329 1083 1490 1118 comes

0 1133 17 1198 {32
78 1140 310 1190 Namurcii
340 1146 388 1191 et
421 1142 589 1199 Guido,
624 1143 770 1193 frater
798 1143 916 1210 ejus,
952 1144 1032 1209 qui
1062 1149 1245 1194 tantum
1276 1143 1490 1195 fecerunt

0 1224 14 1250 ⁸
79 1216 207 1283 quod
236 1217 389 1268 dictus
413 1219 684 1271 Guillelmus
710 1220 871 1271 annuit
901 1221 1151 1289 cor-digero
1181 1221 1313 1287 quod
1337 1222 1490 1288 sepel-

0 1286 18 1369 {5
78 1292 183 1344 liret
215 1310 390 1360 corpus
417 1295 602 1347 comitis
633 1297 834 1348 Arthesii
867 1303 916 1347 et
948 1298 1044 1349 duo
1070 1297 1176 1358 alia,
1208 1298 1342 1364 juxta
1369 1298 1489 1349 velle

0 1395 17 1429 g—
79 1385 234 1421 Suum.

142 1447 323 1515 Deinde*
341 1448 495 1499 dictus
519 1449 664 1500 frater
681 1450 817 1501 duxit
847 1468 1006 1502 secum
1037 1452 1159 1502 duos
1188 1451 1249 1501 de
1278 1469 1489 1503 camera·

0 1549 10 1592 ς
78 1522 298 1574 Γίἱιάἰοῐί
321 1525 505 1575 comitis
529 1532 578 1576 et
601 1531 783 1577 tantum
809 1527 1086 1593 quesierunt
1110 1528 1235 1578 inter
1257 1528 1489 1578 cadavera

0 1593 14 1618 '³
76 1599 339 1651 occisorum
370 1602 499 1668 quod
535 1603 816 1654 invenerunt
845 1620 1044 1670 corpus,
1080 1604 1213 1671 cujus
1243 1604 1489 1655 brachium

76 1683 179 1727 erat
193 1683 488 1743 amputatum
497 1678 513 1710 ¹
523 1717 535 1729 .
552 1680 718 1731 Statim
732 1697 849 1730 vero
863 1681 993 1746 quod
1009 1681 1254 1731 camerarii
1269 1681 1489 1732 viderunt

77 1769 250 1819 corpus
282 1753 459 1804 domini
493 1755 584 1815 sui,
615 1757 938 1822 amplexantes
967 1773 1078 1807 eum
1110 1763 1159 1807 et
1190 1757 1488 1808 lacrimantes

0 1826 27 1903 ξ
76 1830 336 1890 effluenter,
363 1838 624 1897 posuerunt
648 1832 762 1883 illud
782 1850 927 1900 super
950 1850 1161 1894 currum,
1183 1851 1292 1885 cum
1317 1852 1489 1902 corpo-

0 1902 14 1976 3}
76 1906 208 1958 ribus
239 1908 464 1959 comitum
497 1909 780 1960 Albemalle¹
813 1915 862 1960 et
889 1911 1009 1977 Augi
1044 1911 1399 1970 tantummodo,
1440 1918 1489 1960 et

5 1978 15 2041 ὲ
77 1983 314 2036 duxerunt
328 1985 389 2036 ad
407 1987 663 2052 quamdam
678 1987 916 2037 abbatiam
935 1988 1208 2038 monialium
1222 1989 1357 2055 juxta
1372 1990 1489 2039 Cur-

11 2167 18 2181 3
77 2125 236 2175 ger-dien
255 2126 306 2165 du
326 2133 495 2167 convent
514 2127 582 2166 des
603 2128 742 2166 Freres
757 2129 933 2168 mineurs
946 2127 1131 2173 d’Arras;
1155 2129 1390 2178 seulement,
1402 2135 1487 2167 tan-

7 2184 16 2238 3
77 2182 136 2222 dis
154 2195 228 2234 que
248 2190 360 2224 notre
381 2186 595 2235 chronique
616 2192 775 2225 raconte
788 2198 863 2236 que
883 2187 960 2225 l’on
981 2187 1196 2226 recherche
1215 2188 1251 2225 le
1270 2187 1436 2226 cadavre
1451 2189 1487 2226 le

4 2244 21 2295 {4¹-
77 2241 312 2291 bndemain,
333 2243 389 2282 les
407 2243 510 2281 deux
535 2250 662 2284 textos
681 2244 848 2293 precites
868 2245 1046 2284 reculent
1066 2257 1111 2284 ce
1130 2246 1199 2283 fait
1218 2256 1269 2283 au
1288 2246 1487 2283 troisieme

7 2301 22 2348 ,ξε
74 2301 164 2351 jour
181 2303 292 2351 apres
312 2303 349 2341 la
367 2302 540 2342 bataille.

7 2390 19 2404 .
124 2362 159 2399 ¹.
180 2361 234 2399 Le
255 2362 531 2402 continuateur
550 2363 596 2400 de
619 2363 841 2401 Guillaume
861 2363 908 2401 de
928 2364 1078 2412 Nangis
1100 2366 1142 2408 (t.
1159 2364 1194 2412 1,
1211 2376 1249 2413 p.
1270 2364 1351 2411 320)
1372 2370 1411 2402 et
1431 2364 1487 2403 les

8 2415 18 2465 ζ,
77 2419 240 2459 Grandes
258 2421 484 2469 chronique„
504 2423 544 2470 (t.
572 2422 619 2470 V,
639 2434 675 2471 p.
698 2423 779 2468 142)
802 2434 851 2461 ue
872 2423 1000 2461 disent
1025 2435 1095 2471 pas
1114 2435 1189 2472 que
1215 2424 1251 2462 le
1280 2435 1395 2472 corps
1419 2425 1486 2461 eut

78 2479 140 2517 ete
153 2478 254 2516 ainai
272 2479 431 2525 muti165
452 2492 518 2519 ces
531 2486 658 2519 textes
678 2493 720 2520 se
739 2482 907 2520 bornent
919 2482 943 2520 ἰι
957 2483 1099 2521 relater
1111 2482 1203 2532 qu’il
1222 2482 1317 2521 emit
1332 2497 1349 2518 ι
1364 2483 1486 2521 navre

6 2526 28 2598 {f
81 2549 97 2573 ι
119 2537 166 2575 de
185 2542 312 2576 trente
331 2538 466 2587 plaies.
491 2553 507 2575 ι

8 2599 25 2634 ’ζ
123 2596 161 2635 2.
182 2596 236 2634 Le
260 2602 367 2635 texte
393 2599 570 2649 employe
600 2610 670 2650 par
694 2600 748 2638 M.
775 2600 822 2639 de
847 2600 999 2650 Wailly
1024 2600 1122 2638 dans
1148 2612 1220 2639 son
1244 2601 1390 2639 edition
1417 2600 1486 2639 des

11 2671 26 2706 f,
77 2655 281 2694 Amemus
305 2657 521 2705 chronique„
544 2660 587 2697 ds
611 2661 769 2698 flandra
788 2662 939 2706 (Hister.
967 2662 1010 2698 de
1036 2662 1110 2704 Fr„
1132 2666 1163 2700 t.
1184 2661 1325 2708 XXII,
1343 2673 1380 2710 p.
1402 2660 1484 2708 380)

7 2735 16 2744 ·
79 2725 252 2764 nomme,
266 2726 314 2753 au
336 2715 414 2755 lieu
433 2716 480 2754 de
500 2729 544 2756 ce
563 2729 822 2768 personnagffi
837 2720 871 2758 le
891 2720 1090 2758 marechal
1110 2719 1246 2759 Simon
1268 2720 1315 2758 de
1335 2720 1481 2758 Melun.

80 2772 137 2811 Cf.
159 2773 381 2813 Guillaume
402 2775 552 2815 Guiart.
575 2778 696 2825 Obici..
720 2790 756 2826 p.
779 2778 875 2824 240.)

222 2844 235 2876 1
1317 2844 1338 2882 8
