1838 3164
2 324 10 331 .
86 266 175 306 {322
189 272 228 304 et
243 267 348 316 1321]
369 270 738 305 cunonoetul’flu
764 270 917 304 uum(
941 269 1221 304 muconmt.
1412 265 1484 303 255

82 349 379 399 traditor-ium
413 349 543 415 quod
585 351 758 398 factum
795 348 944 397 fuerat
980 349 1075 397 filio
1108 365 1212 397 suo.
1255 348 1342 407 Qui
1377 362 1487 397 eum

82 443 247 475 omnes
268 442 325 476 se
356 431 680 483 excusassent,
711 439 870 474 comes
898 424 1037 490 jussit
1068 425 1198 491 quod
1225 424 1347 474 filius
1373 439 1487 474 suus

82 503 377 552 liberaretur.

146 582 292 628 Porro
320 579 512 645 quidam
541 578 602 627 de
638 575 789 642 patria
819 576 1149 641 pervenientes
1177 576 1236 625 ad
1267 577 1486 626 comitem

81 656 435 714 Nivernensem‚
460 655 682 705 dixerunt
704 652 748 702 ei
771 652 900 718 quod
925 653 1048 703 bona
1077 654 1204 718 pacis
1233 654 1485 703 concordia

81 733 214 782 fieret
232 732 354 782 inter
371 747 480 781 cum
497 735 546 781 et
562 729 839 787 Robertum.
862 729 1056 780 fratrem
1082 745 1238 788 suum,
1260 736 1308 778 et
1324 747 1490 780 omnes

82 808 400 857 consiliatores
429 805 614 856 comitis
643 813 692 855 et
721 805 850 871 quod
881 806 1040 855 statim
1068 805 1371 863 liberaretur3
1408 806 1488 871 qui

81 885 303 935 estimans
326 901 378 934 se
403 883 537 934 aliter
558 900 652 933 non
677 899 819 949 posse
849 883 1055 941 liberari,
1083 883 1396 934 concordatus
1418 889 1491 932 est

81 963 164 1013 eis.
201 962 377 1012 Deinde
401 962 596 1012 veniens
622 962 681 1012 ad
711 967 894 1028 patrem
924 961 1109 1020 suum¹‚
1137 968 1272 1029 capta
1302 962 1491 1012 licencia

81 1039 405 1106 proficiscendi
434 1039 479 1089 in
508 1039 766 1099 Franciam,
800 1039 912 1089 abiit
941 1039 1162 1098 parisius,
1191 1038 1273 1088 ubi
1292 1038 1492 1088 invales-

80 1123 216 1168 cente
241 1116 444 1182 quadam
470 1116 758 1173 infirmitate,
786 1121 1001 1165 mortuus
1025 1117 1141 1164 est’.

146 1197 213 1243 Eo
231 1200 445 1259 tempore
463 1193 722 1259 Philippus,
745 1193 934 1243 Francie
952 1198 1000 1242 et
1018 1195 1225 1243 Navarra
1249 1208 1353 1251 rex,
1375 1192 1491 1241 inci·

83 1271 153 1320 dit
171 1271 217 1320 in
246 1272 484 1338 langorem
506 1270 812 1328 maximum⁸,
841 1270 965 1319 unde
992 1270 1259 1319 formositas
1277 1269 1491 1335 corporis

83 1348 226 1397 suiad
243 1348 464 1398 nichilum
479 1347 666 1398 redacta
685 1353 785 1404 θεὶς
808 1347 944 1396 nichil
962 1347 1087 1397 enim
1106 1348 1329 1397 remansit
1346 1347 1392 1396 in
1411 1363 1487 1406 eo,

83 1424 170 1474 nisi
198 1425 332 1490 pellis
358 1430 406 1474 et
429 1440 537 1474 ossa
560 1430 609 1473 et
632 1425 679 1474 in
703 1425 793 1474 hoc
817 1430 941 1473 statu
960 1423 1106 1489 jacuit
1135 1439 1222 1489 per
1246 1423 1491 1473 dimidium

82 1517 273 1551 annum.
309 1501 441 1556 Unde
474 1501 668 1567 singulis
703 1500 870 1550 diebus
905 1500 1103 1551 faciebat
1132 1500 1306 1566 aperiri
1340 1500 1492 1549 hostia

82 1594 267 1628 camere
290 1594 390 1637 sue,
413 1594 680 1643 vocansque
703 1577 950 1627 universos
968 1583 1279 1635 transeuntem
1308 1576 1493 1627 dicebat

84 1653 177 1703 eis:
199 1673 220 1700 ι
239 1653 402 1704 Videte
420 1669 582 1720 regem
599 1658 811 1702 vestrum
831 1653 1187 1719 pauperrimum
1202 1653 1324 1703 inter
1342 1652 1493 1702 bomi-

87 1749 108 1776 ‹
139 1746 223 1780 nes
257 1730 390 1796 regni
422 1730 494 1779 sui
529 1747 540 1778 ε
575 1729 729 1779 nullus
758 1729 886 1778 enim
919 1735 991 1779 est
1022 1735 1251 1788 vestrum,
1284 1729 1359 1779 cui
1389 1728 1492 1795 ipse

88 1826 110 1853 ι
139 1806 281 1856 nollet
304 1805 527 1856 cambire.
557 1804 774 1855 Habeatis
797 1821 913 1872 ergo
944 1822 1107 1872 regem
1132 1811 1342 1855 vestrum
1372 1812 1492 1855 tam-

87 1903 108 1931 «
137 1898 280 1949 quam
312 1881 628 1949 spectaculum
661 1888 712 1932 ut
747 1885 895 1933 Deum
931 1898 1018 1948 pre
1049 1882 1195 1933 oculis
1233 1883 1443 1933 babeatis
1476 1901 1487 1931 :

88 1979 110 2007 ι
139 1959 361 2024 quoniam
385 1959 508 2009 nulla
532 1964 604 2008 est
628 1964 842 2008 creatura
866 1958 926 2008 de
956 1976 1048 2024 qua
1079 1961 1204 2009 Deus
1234 1975 1327 2008 non
1357 1959 1492 2009 faciat

88 2055 109 2082 ι
140 2036 200 2086 ad
224 2035 516 2086 voluntatem
541 2036 720 2084 suam⁴.
754 2055 775 2081 ι

149 2112 324 2163 Deinde
353 2119 572 2179 suscepto
602 2112 766 2162 ultimo
797 2118 1109 2170 sacramento,
1132 2111 1261 2178 apud
1279 2115 1493 2179 Longum

135 2278 167 2315 1.
190 2277 246 2315 La
264 2277 557 2317 reconciliation
578 2282 643 2315 eut
664 2276 742 2314 lieu
761 2275 785 2313 ὰ
805 2276 983 2314 Courtrai
1002 2276 1038 2314 le
1058 2276 1100 2314 11
1123 2275 1223 2313 avril
1242 2275 1349 2314 ¹322.

132 2336 168 2375 2.
189 2336 211 2374 6
227 2336 355 2385 juillet
375 2336 479 2375 ¹322.
501 2335 572 2374 Cet
591 2335 746 2384 episode
763 2341 823 2373 ast
838 2336 997 2373 raconte
1017 2334 1063 2373 de
1083 2335 1121 2372 la
1139 2336 1267 2373 meme
1289 2334 1403 2385 lacon
1425 2346 1495 2384 par

88 2394 144 2433 les
171 2395 376 2435 Ancionnas
406 2396 623 2443 chroniquaes
652 2397 695 2432 do
724 2396 883 2433 mandre
918 2395 1076 2439 (Hister.
1108 2396 1151 2431 do
1184 2396 1260 2438 Fr..
1294 2399 1325 2440 t,
1355 2394 1493 2440 XXII,

87 2465 123 2503 p.
144 2453 213 2492 412
233 2459 271 2491 et
291 2453 373 2492 413.
395 2474 442 2483 -
460 2453 515 2492 Cf.
539 2456 651 2492 lucro
670 2458 703 2491 ot
727 2456 920 2501 croniques
945 2455 988 2491 de
1017 2454 1210 2497 mandros,
1243 2459 1271 2491 t.
1303 2452 1337 2502 1,
1364 2464 1401 2501 p.
1425 2452 1494 2490 317

87 2516 126 2550 at
140 2511 230 2556 818;
253 2513 415 2551 Grandes
437 2513 676 2560 chroniques,
699 2518 728 2551 t.
751 2513 802 2558 V,
822 2524 858 2561 p.
881 2512 978 2560 258).

135 2569 170 2607 3.
192 2569 367 2619 Philippa
387 2571 422 2608 la
442 2570 551 2620 Long
569 2570 700 2608 tomba
719 2570 870 2608 malado
896 2581 946 2607 au
967 2574 1305 2608 commencement
1323 2568 1375 2607 du
1396 2570 1496 2608 mois

87 2628 217 2666 d'aont
237 2628 343 2668 1321.

135 2688 170 2725 4.
192 2686 246 2724 cf.
267 2689 469 2726 Ancionm
488 2689 706 2735 chroniquos
723 2690 766 2725 do
784 2687 946 2724 Flandre
964 2687 1120 2732 (Hister.
1140 2688 1183 2724 do
1203 2687 1281 2731 Fr„
1301 2693 1339 2724 t:
1356 2686 1496 2736 xxn,

89 2757 126 2795 p.
148 2746 227 2791 414)
249 2752 286 2783 et
305 2748 417 2784 Istoro
436 2751 469 2783 ee
488 2749 679 2794 orantque-t
694 2748 740 2783 do
759 2747 936 2784 Mandros
956 2751 998 2789 (t.
1022 2745 1055 2792 1,
1075 2756 1112 2794 p.
1137 2745 1206 2782 318
1227 2751 1266 2783 et
1286 2745 1383 2791 319).
