1838 3164
3 2762 9 2771 -¹
0 2709 19 2750 4τῦ
0 2498 17 2698 ἮᾞἿΤΓ
0 2367 14 2489 .ὲ-Τνᾼ,ν“4’“*
0 2331 13 2357 ν.“
0 2303 10 2314 :'

140 310 246 358 1297]
417 313 787 348 cunouocrmmu
811 313 966 347 mauu
989 312 1269 346 mumolum.
1498 309 1541 346 57

137 392 312 443 scilicet
332 409 445 459 rege
469 392 728 451 Almannie,
754 391 954 441 ducibus
977 391 1164 441 Austrie
1186 398 1235 440 et
1260 390 1540 442 Brabancie¹

136 485 245 519 cum
268 469 370 518 aliis
395 467 754 535 quamplurimis
781 467 1039 517 baronibus
1065 468 1352 527 Almannie2,
1379 484 1545 534 preca-

134 551 212 596 tus
233 551 305 596 est
323 562 486 613 regem
501 545 665 612 Anglie
688 550 742 594 ut
765 544 855 593 sibi
868 543 1001 610 juxta
1024 546 1308 610 promissam
1325 544 1546 595 subveni-

135 629 226 673 ret.
264 626 366 684 Quo
399 622 582 680 audito,
617 636 705 670 rex
735 620 899 687 Anglie
935 620 1094 670 statim
1128 620 1363 685 disposuit
1393 637 1542 680 arma,

135 715 281 749 naves
304 704 351 748 et
374 698 651 756 exercitum,
680 702 734 747 ut
755 697 804 746 in
825 696 1090 746 Flandriam
1113 697 1456 747 transfraaret.

199 778 347 825 Porro
367 774 493 824 idem
517 789 677 823 comes
699 773 1014 831 flandrensis,
1041 773 1166 823 inter
1188 773 1300 823 alias
1320 774 1548 823 municio-

134 868 219 901 nes
242 867 368 910 suas,
396 851 574 916 optime
597 850 797 900 munivit
815 850 948 900 villas
973 850 1034 900 de
1057 850 1223 899 lnsulis
1241 856 1289 899 et
1306 850 1367 900 de
1391 853 1548 900 Duaoo

133 928 410 979 victualibus
433 933 483 977 et
505 927 651 977 armis
674 926 872 993 ydoneis
901 926 961 976 ad
994 926 1330 985 resistendum,
1358 927 1548 976 lusulis-

133 1021 226 1071 que
246 1004 353 1071 (sic)
382 1005 483 1054 sine
498 1020 642 1055 mora
666 1004 919 1055 destinavit
943 1003 1204 1055 Robertum
1221 1003 1282 1054 de
1300 1004 1544 1061 Bethunia‚

132 1081 281 1131 filium
296 1097 433 1132 suum
453 1081 839 1148 primogenitum,
855 1097 964 1131 cum
978 1080 1145 1147 viginti
1156 1087 1206 1130 et
1223 1085 1333 1131 octo
1345 1080 1550 1131 strenuis

132 1157 358 1208 militibus
382 1163 431 1207 et
453 1173 624 1224 magna
648 1157 869 1207 comitiva
892 1157 1139 1207 hominum
1168 1173 1430 1215 armorum,
1458 1173 1549 1223 pro

133 1234 347 1285 custodia
370 1234 498 1284 ville.
533 1233 674 1300 Apud
703 1237 912 1285 Duecum
935 1250 1051 1283 vero
1074 1233 1203 1283 misit
1226 1233 1543 1291 Guillelmum‚

132 1311 331 1361 alterum
355 1311 503 1361 filium
521 1326 661 1361 suum
682 1316 793 1376 post
811 1310 1019 1376 primum
1045 1316 1225 1368 natum,
1249 1326 1358 1360 cum
1381 1310 1549 1376 pleris-

132 1404 226 1453 que
249 1386 511 1437 militibus*
525 1393 574 1436 et
597 1386 797 1437 aliorum
819 1392 1112 1437 armatorum
1130 1386 1432 1437 multitudine
1445 1387 1548 1453 glo-

132 1480 338 1515 morosa.

195 1542 291 1590 Nec
307 1540 510 1590 multum
533 1539 739 1590 tardavit
762 1555 850 1589 rex
874 1538 1068 1589 Francie
1087 1543 1136 1587 et
1153 1538 1284 1599 venit
1301 1538 1550 1588 obsessum

131 1616 299 1667 Insulis
324 1617 460 1682 (ei0);
488 1617 854 1682 circumquaque
877 1615 1050 1665 comite
1071 1615 1305 1673 Flandrie,
1330 1615 1414 1681 qui
1436 1631 1549 1664 eon-

131 1699 412 1760 gregaverat
450 1694 624 1743 multos
657 1693 719 1743 de
752 1692 997 1743 Almannia
1032 1698 1081 1743 et
1110 1692 1172 1742 de
1198 1693 1352 1759 patria
1365 1708 1469 1756 ,sua
1501 1692 1549 1741 in

132 1773 293 1837 Yppra
307 1770 539 1820 existente
553 1776 602 1820 et
616 1769 792 1820 ibidem
808 1769 1056 1820 fortuitum
1071 1774 1367 1835 expectante,
1384 1769 1549 1836 regina

131 1862 322 1913 quoque
357 1847 587 1906 Johanna,
624 1863 718 1914 que
751 1863 844 1896 una
879 1863 990 1896 cum
1022 1862 1172 1912 regno
1207 1849 1415 1896 Navarre
1448 1851 1552 1896 erat

131 1923 369 1974 comitissa
401 1924 653 1990 campanie
676 1929 724 1973 et
748 1923 951 1990 palatina
975 1923 1083 1973 Brie
1113 1922 1399 1973 hereditario
1423 1923 1548 1989 jure,

132 2015 193 2050 ex
211 2000 301 2050 alio
318 2000 463 2050 latere
481 2000 675 2051 collecto
693 2015 867 2067 magno
888 1999 1099 2049 exercitu
1117 1999 1166 2048 in
1184 2016 1281 2065 quo
1298 2004 1434 2049 erant
1452 1998 1551 2049 dux

131 2077 452 2144 Letharingie,
492 2093 652 2127 comes
685 2077 924 2128 Roussiaci
937 2114 950 2135 ,
984 2077 1247 2127 vicecomes
1275 2075 1551 2127 Nabornen·

180 2205 215 2244 ¹.
236 2205 299 2244 On
318 2216 370 2244 ne
388 2211 526 2245 trouve
545 2217 614 2255 pas
633 2217 699 2245 ees
719 2217 833 2245 noms
851 2206 950 2244 dans
970 2206 1026 2245 les
1043 2208 1247 2245 Ano-’onnes
1268 2207 1489 2253 chronique„
1507 2207 1549 2243 do

133 2265 303 2308 Mandro,
320 2275 400 2303 non
415 2265 502 2313 plus
515 2275 591 2314 que
603 2265 639 2303 le
652 2264 771 2303 detail
783 2264 852 2303 des
866 2265 1094 2314 preparatifs
1107 2264 1154 2302 de
1168 2264 1326 2303 defense
1339 2264 1391 2302 du
1405 2268 1546 2302 comte.

132 2321 235 2360 Bion
252 2322 401 2371 mieux,
421 2324 534 2372 apres
553 2333 619 2361 ees
638 2323 826 2373 quelques
844 2323 986 2372 lignes,
1006 2324 1042 2362 le
1064 2323 1160 2362 reeit
1179 2333 1255 2373 que
1280 2322 1410 2361 donne
1434 2326 1547 2360 notre

133 2380 349 2431 chronique
367 2391 419 2419 ne
439 2392 482 2420 se
501 2387 711 2420 rencontre
736 2392 806 2430 pas
830 2381 927 2420 dans
954 2382 1011 2420 les
1036 2382 1244 2421 Ancionnes
1269 2383 1488 2428 chroniquos
1505 2381 1549 2417 do

133 2439 307 2476 Flandro.

180 2497 215 2535 2.
239 2497 296 2535 La
316 2498 524 2546 chronique
542 2501 749 2537 nor-mando
766 2500 819 2537 du
834 2500 927 2537 111¹·
939 2501 1043 2537 siecle
1058 2498 1188 2548 ajoute
1201 2499 1226 2537 ὲ
1239 2509 1306 2538 ees
1318 2510 1433 2537 noms
1446 2510 1546 2537 ceux

134 2555 202 2594 des
225 2560 374 2595 comtes
392 2556 440 2595 de
458 2556 641 2605 Gueldre‚
662 2557 710 2595 de
727 2557 891 2604 Julian-s,
910 2557 958 2596 de
977 2557 1170 2596 Hellande
1190 2562 1231 2596 et
1251 2557 1300 2595 de
1320 2557 1400 2595 Bar
1419 2558 1471 2606 (p.
1493 2558 1543 2605 3).

133 2615 188 2653 Le
207 2620 335 2654 comte
352 2615 399 2654 de
416 2616 585 2655 Gueldre
605 2628 656 2655 ne
674 2617 786 2655 tarda
798 2628 867 2666 pas
881 2617 904 2654 ὲ
922 2617 1085 2655 devenir
1098 2616 1377 2666 pensionnaire
1390 2616 1438 2654 de
1455 2616 1544 2654 Phi-

134 2674 235 2723 lippe
255 2674 291 2712 le
311 2673 384 2712 Bel
405 2674 521 2722 (Bibl.
543 2680 642 2723 nat..
663 2676 730 2714 lat.
752 2676 861 2724 9783,
882 2675 947 2714 fol.
969 2675 1016 2714 22
1036 2677 1099 2721 τ’).

183 2732 217 2769 3.
238 2732 295 2770 La
313 2732 442 2772 meme
460 2733 673 2784 chronique
691 2733 821 2773 donne
842 2735 897 2772 les
917 2745 1031 2773 nome
1049 2734 1097 2772 de
1115 2735 1399 2784 quelques-uns
1414 2733 1462 2772 de
1481 2744 1547 2771 ces

137 2791 367 2830 chevaliers.
1319 2801 1323 2804 ·
