1838 3164
136 279 241 326 1317]
412 282 785 317 cunououml’flm
810 282 963 317 noun
988 282 1268 318 numenium.
1473 277 1541 317 237

135 363 497 428 propinquitatis
535 363 744 413 obvenit.
788 363 990 412 Primam
1031 380 1148 413 vero
1194 363 1396 412 filiarum
1435 362 1544 413 des-

133 441 350 504 ponsavit
375 441 592 500 Karolus‚
619 456 780 490 comes
803 440 1018 498 Valesii¹‚
1050 441 1111 490 de
1141 457 1238 506 quo
1266 440 1385 489 infra
1416 439 1544 490 dice-

132 523 233 576 tur;
261 518 515 568 secundam
529 516 833 583 desponsavit
853 518 1166 582 lngerrannus
1185 517 1405 566 dominus
1424 519 1543 567 Cou-

131 594 298 652 chiaci,
338 595 386 645 in
422 613 516 661 qua
552 594 712 661 genuit
749 597 1113 660 lugeri-annum,
1157 594 1454 659 Radulphum
1495 599 1544 643 et

129 670 375 720 Albertum
401 688 412 720 :
441 675 721 738 lngerranus
748 669 871 735 patri
904 675 953 719 et
986 669 1259 734 Radulphus
1285 670 1459 719 Jacobo
1482 669 1543 718 de

130 747 300 796 Sancto
321 746 480 805 Paulo,
503 751 673 812 patruo
697 761 802 804 suo,
830 751 1178 796 successerunt.
1201 745 1362 795 Tereia
1379 746 1538 803 vero²‚

128 822 322 873 domino
345 823 560 876 valencie
583 823 837 889 comitique
861 822 923 873 de
947 822 1253 873 Pennebrouc
1275 821 1325 870 in
1349 821 1540 888 Anglia³

129 906 274 966 nupta
285 906 375 950 est.
391 903 615 961 Quartam
627 916 744 950 vero
756 904 780 951 J
783 901 991 951 ohannes
1002 899 1064 950 de
1075 899 1309 957 flandria,
1324 898 1544 949 dominus

127 976 188 1028 de
211 977 386 1044 Nigella
404 984 452 1027 et
473 977 534 1028 de
551 977 871 1036 Crevicordio,
893 977 1017 1027 fliius
1036 976 1265 1027 Guilleimi
1290 975 1544 1025 Flandren·

127 1054 210 1112 sis,
242 1054 404 1104 habuit
439 1058 655 1105 uxorem.
683 1055 905 1114 Quintam
934 1070 1051 1103 vero
1086 1052 1308 1103 dominus
1336 1051 1399 1102 de
1430 1054 1545 1103 Gra-

129 1130 264 1179 villa⁴
286 1130 424 1180 duxit
442 1131 490 1180 in
508 1133 904 1188 uxorem..Sexta‚
927 1130 1119 1180 nomine
1138 1130 1368 1187 Johanna,
1389 1128 1545 1178 Miloni

127 1206 187 1255 de
216 1206 448 1266 Maisiaco‚
474 1207 691 1258 videlicet
715 1208 909 1258 domino
933 1207 994 1258 de
1026 1206 1251 1257 Noieriis⁶
1276 1210 1425 1270 nupta
1448 1211 1539 1254 est.

191 1284 432 1350 Philippus
446 1285 605 1349 itaque
624 1288 911 1334 Francorum
927 1290 975 1333 et
987 1286 1194 1334 Navarre
1213 1299 1317 1341 rex,
1339 1282 1467 1331 misit
1482 1281 1542 1331 ad

125 1360 303 1409 curiam
322 1362 500 1411 Summi
518 1361 786 1411 Pontificis⁶
810 1361 1055 1411 dominum
1079 1361 1332 1411 Beni-icum
1355 1359 1417 1408 de
1440 1359 1543 1409 Sul-

125 1436 242 1486 liaco
252 1443 299 1487 et
313 1438 591 1504 magistrum
605 1441 795 1488 Petrum
804 1439 866 1489 de
874 1438 1063 1504 Campis
1071 1439 1111 1495 ⁷,
1124 1444 1287 1487 contra
1297 1436 1541 1487 dominum

125 1513 385 1564 Robertum
415 1515 523 1564 Sine
547 1519 707 1574 Terra,
736 1515 884 1565 filium
909 1514 1095 1565 comitis
1118 1514 1332 1564 Flandrie
1355 1520 1404 1563 et
1424 1514 1541 1563 alios

125 1589 185 1639 de
207 1590 343 1640 bonis
364 1591 484 1640 villis
508 1591 740 1641 Flandrie.
762 1592 850 1652 Qui
871 1608 981 1642 cum
1005 1592 1244 1641 venissent
1261 1591 1322 1640 ad
1339 1591 1536 1649 curiam,

125 1669 249 1733 Papa
279 1667 401 1717 sedit
437 1667 485 1717 in
519 1668 799 1718 consistorio
827 1668 995 1719 diebus
1028 1668 1204 1725 multis,
1241 1667 1540 1733 presentibus

123 1742 263 1793 dictis
293 1743 531 1809 partibus,
567 1744 652 1794 sed
683 1745 807 1795 nulla
843 1745 1095 1796 concordia
1125 1744 1235 1794 inde
1266 1746 1387 1795 sacta
1418 1750 1492 1795 est
1522 1762 1531 1791 :

171 1923 206 1960 1.
226 1922 281 1961 Le
299 1921 473 1972 mariage
493 1922 598 1961 avait
613 1934 663 1962 eu
684 1923 760 1962 lieu
779 1934 830 1961 en
846 1923 933 1973 J'uin
955 1923 1059 1961 ¹308.

170 1981 205 2020 2.
230 1981 261 2019 11
288 1980 429 2031 pai-ait,
455 1992 506 2019 au
534 1983 744 2030 contraire,
770 1993 846 2032 qne
875 1982 1015 2029 Mai-ie,
1039 1981 1107 2030 qui
1134 1981 1280 2030 ὄρουσα
1307 1981 1461 2030 Aymar
1489 1980 1536 2020 de

123 2038 310 2087 Valence,
333 2039 442 2087 emit,
462 2051 542 2078 non
567 2042 605 2078 la
629 2041 828 2080 troisieme
852 2041 930 2079 fillo
949 2040 996 2079 de
1016 2040 1093 2079 Gui
1112 2040 1159 2078 de
1186 2040 1413 2088 stunt-Pol,
1433 2041 1534 2078 mais

124 2099 162 2138 la
180 2099 411 2149 quatricme.

171 2157 205 2196 3.
227 2158 379 2208 Aymar
396 2158 444 2198 de
463 2159 654 2207 Valence,
674 2165 802 2199 comte
820 2159 868 2198 de
889 2159 1123 2207 Pembroke,
1138 2160 1284 2208 epousa
1302 2158 1443 2207 Maria,
1458 2159 1536 2198 fille

122 2216 173 2255 du
193 2223 321 2256 comte
339 2217 387 2256 dc
406 2218 630 2267 saint-Pol,
650 2219 686 2257 le
706 2220 728 2257 5
743 2219 872 2268 juillet
893 2219 1000 2268 1321,
1019 2225 1059 2257 et
1077 2225 1237 2258 mourut
1255 2229 1306 2257 cn
1328 2218 1434 2257 ¹324.

170 2276 205 2314 4.
225 2275 327 2315 Jean
346 2277 480 2326 Nalot,
501 2277 686 2326 seigneur
703 2278 750 2316 de
777 2278 964 2317 Graville.

170 2335 206 2373 5.
226 2335 379 2374 Jeanne
393 2337 552 2385 epousa,
571 2348 623 2375 en
644 2337 749 2385 affut,
770 2338 862 2376 Mile
881 2338 927 2375 de
947 2338 1117 2387 Noyers,
1131 2337 1316 2386 seigneur
1334 2336 1381 2374 dc
1402 2337 1533 2375 Maizi.

170 2395 203 2433 6.
226 2394 331 2434 G'cst
354 2395 378 2433 ὲ
404 2396 611 2435 Bruxelles
630 2409 706 2446 que
732 2397 809 2435 l’on
835 2408 1024 2436 conserve
1050 2409 1105 2435 un
1132 2397 1211 2436 tole
1233 2396 1280 2435 de
1305 2396 1534 2445 parchemin

124 2453 364 2493 reniet-mant
383 2455 440 2492 les
459 2456 718 2505 propositions
738 2457 850 2495 faites
869 2457 892 2494 ὲ
908 2457 1010 2495 Jean
1031 2456 1155 2495 XXII
1173 2467 1244 2505 par
1262 2457 1319 2494 les
1338 2455 1535 2493 ambassa-

123 2513 239 2551 deurs
257 2513 307 2551 du
329 2514 387 2552 roi
405 2514 451 2552 de
471 2514 622 2554 Franco
641 2521 680 2554 et
700 2527 798 2554 ceux
820 2515 870 2552 du
892 2521 1020 2553 comte
1039 2515 1086 2552 de
1104 2514 1288 2563 Flandre,
1302 2525 1402 2563 pour
1420 2513 1535 2551 l’exe·

124 2572 258 2610 eution
276 2571 324 2610 de
343 2572 381 2611 la
398 2573 501 2622 paix.
519 2574 641 2621 (1317.
661 2576 834 2614 Archias
851 2577 912 2612 des
931 2577 1103 2613 missions
1122 2576 1368 2621 scientificum
1387 2577 1421 2610 ot
1440 2575 1534 2610 lim·

123 2634 257 2676 miros,
279 2632 319 2670 2·
336 2632 451 2681 serie,
470 2639 500 2671 t.
522 2633 577 2681 11,
597 2645 635 2683 p.
655 2634 761 2677 283.)

171 2691 206 2729 7.
226 2692 302 2730 Les
319 2692 523 2730 Anciennoe
542 2694 762 2741 chroniquos
780 2696 823 2732 do
843 2696 1001 2732 mandre
1021 2694 1172 2741 (Hister.
1192 2695 1235 2730 do
1252 2693 1330 2738 Fr„
1347 2696 1377 2729 t.
1393 2688 1535 2736 XXII,

124 2761 162 2799 p.
183 2750 264 2796 407)
286 2756 489 2788 nominent
508 2762 553 2789 ce
572 2762 817 2801 personnage
838 2752 970 2790 Pierre
989 2751 1036 2790 de
1054 2751 1216 2800 Coppes.
