1838 3164
108 280 213 329 1323]
382 284 752 320 cunonocvmuu
777 286 930 320 mun
954 286 1234 321 mucetum.
1436 282 1503 320 271

106 367 202 413 tam
226 364 480 423 comitisse,
513 365 616 430 ipsa
646 365 874 415 concessit
903 365 972 413 eis
1002 366 1184 415 salvum
1212 382 1500 433 regressum.

169 446 347 496 Ibidem
365 447 607 512 depositus
625 453 699 497 est
720 446 868 498 abbas
892 448 1048 497 Sancti
1073 448 1279 498 Medardi
1301 448 1512 498 Suessio-

105 524 284 582 nensis,
311 523 392 588 qui
425 529 536 573 tunc
568 529 670 572 erat
705 522 766 572 de
801 524 995 572 consilio
1027 524 1213 574 comitis
1242 525 1458 575 Flandrie
1496 542 1506 572 :

103 600 249 649 frater
266 600 391 650 enim
409 601 562 650 suerat
579 598 759 650 domini
785 599 998 652 willelmi
1016 601 1190 651 Flote¹.
1216 604 1512 651 Postremum

102 682 260 727 autem
271 677 463 727 secessit
470 675 831 743 parlamentum,
842 677 971 742 quod
981 676 1171 727 duravit
1179 684 1288 728 octo
1297 677 1465 727 diebus
1472 678 1491 708 ²
1499 715 1510 727 .

167 763 386 810 Preterea
409 758 602 824 quidam
626 759 828 809 barones
845 759 907 809 de
930 759 1107 827 Lingua
1132 760 1366 819 Occitanffi
1390 760 1515 810 inoe-

100 842 274 902 perunt
290 836 519 886 rebellare
538 835 767 887 adversus
786 853 947 904 regem
965 837 1174 895 Fraude,
1199 837 1514 903 persuadente

101 911 294 963 domino
321 911 524 964 Jordane
555 912 660 978 (sic)
689 913 749 964 de
780 913 934 964 Insula
964 919 1013 964 et
1043 919 1243 979 propter
1273 913 1516 963 matrimo-

101 990 231 1039 nium
266 989 451 1039 oomitis
491 990 606 1040 Fuxi
646 997 694 1039 et
730 990 909 1041 sororis
944 991 1130 1041 comitis
1165 992 1512 1047 Convenarum,

99 1065 212 1115 alias
237 1065 538 1131 Comminqes‚
567 1072 733 1116 contra
761 1067 1050 1117 voluntatem
1075 1067 1219 1135 regis.

165 1151 462 1215 Quapropter
499 1165 585 1198 rex
621 1148 751 1199 misit
782 1149 902 1200 duos
945 1149 1139 1200 clientes
1178 1164 1422 1199 armorum
1454 1147 1515 1198 ad

100 1224 446 1291 adjornandum
488 1242 595 1284 eos;
636 1242 838 1292 cumque
880 1226 1153 1277 assisterent
1187 1242 1349 1276 coram
1389 1222 1516 1275 dicto

98 1299 318 1360 son-dane,
351 1301 460 1351 fecit
486 1318 569 1351 eos
597 1301 839 1369 dispoliari
866 1319 920 1352 ac
950 1319 1117 1353 eorum
1141 1302 1338 1368 caputiis
1362 1300 1514 1367 capita

100 1378 272 1436 velari;
315 1378 486 1430 deinde
528 1379 760 1446 capitibus
801 1396 966 1431 eorum
1006 1396 1222 1430 seorsum
1264 1377 1512 1436 inclinatis,

99 1455 260 1521 posuit
283 1455 489 1506 machias
513 1473 680 1506 eorum
704 1457 752 1506 in
775 1457 878 1507 anis
901 1457 999 1506 suis
1023 1463 1071 1506 et
1094 1457 1162 1506 sic
1185 1456 1359 1505 mortui
1385 1460 1511 1506 sunt.

100 1535 200 1583 Rex
223 1532 382 1600 itaque
411 1534 500 1583 hoc
530 1533 743 1593 audiens,
771 1534 908 1584 finxit
931 1551 983 1584 se
1007 1550 1103 1584 non
1128 1549 1294 1584 cin-are
1318 1532 1379 1582 de
1404 1532 1510 1582 hoc.

99 1612 210 1659 Post
245 1609 486 1675 paululum
519 1627 657 1669 vero,
690 1610 817 1661 idem
850 1611 1085 1662 Jordanus
1121 1610 1248 1660 venit
1283 1609 1511 1668 Parisius3

98 1685 231 1752 cujus
263 1685 519 1736 adventum
551 1703 841 1753 cognoscens
871 1703 980 1745 rex,
1014 1686 1155 1753 jussit
1183 1702 1294 1736 eum
1325 1685 1429 1751 rapi
1460 1702 1514 1735 ac

98 1762 206 1812 vehi
227 1779 371 1829 super
394 1770 571 1813 terram
595 1763 722 1813 acin
746 1763 958 1830 patibulo
982 1763 1255 1830 suspendi³.

148 1941 181 1979 1.
202 1940 259 1978 La
277 1940 400 1979 Gallia
418 1941 631 1977 christiana
646 1941 687 1986 (t.
704 1939 781 1987 lx,
800 1950 837 1989 p.
853 1939 935 1986 419)
959 1944 1000 1977 et
1020 1939 1055 1977 le
1070 1939 1115 1977 P.
1131 1938 1319 1976 Anselme
1339 1938 1513 1985 (Histoire

96 2001 355 2047 qenealoqiquc
371 2002 405 2036 ot
421 2000 703 2046 chronoloqt‘quo
727 2000 770 2036 ao
796 2001 835 2036 la
853 2001 999 2036 maison
1024 2000 1152 2045 νομοῖο
1176 1999 1219 2035 ἀι
1237 1997 1391 2042 Franco,
1416 2002 1511 2043 etc„

99 2063 126 2095 t.
150 2056 220 2106 VI,
239 2067 278 2107 p.
298 2057 369 2096 276
381 2058 415 2105 a)
437 2063 526 2095 sont
546 2063 674 2095 muets
694 2068 762 2095 sur
781 2062 843 2096 cet
871 2057 1119 2095 evenement.
1149 2055 1250 2094 Mais
1270 2056 1327 2094 les
1346 2055 1512 2094 cranaos

101 2117 328 2164 otu-onwan
348 2118 388 2162 (t.
412 2115 464 2163 V,
483 2127 519 2165 p.
541 2115 624 2162 274)
650 2115 780 2155 disent
800 2126 875 2165 que
895 2126 940 2154 ce
960 2125 1206 2164 personnage
1228 2114 1324 2152 etait
1347 2113 1446 2152 abbe
1465 2113 1512 2151 de

99 2174 283 2224 vezelay.
304 2175 361 2213 La
381 2175 505 2214 Gallia
531 2176 743 2212 christiana
765 2176 805 2219 (t.
827 2174 900 2221 IV,
922 2185 957 2222 p.
980 2174 1063 2219 471)
1085 2173 1121 2211 le
1141 2173 1210 2211 fait
1231 2172 1394 2211 devenir
1414 2172 1511 2210 abbe

99 2234 146 2273 de
171 2234 343 2284 Vezelay
367 2245 418 2274 en
449 2234 557 2282 1316,
584 2240 623 2272 et
650 2234 779 2283 ajoute
803 2248 810 2270 :
836 2248 852 2269 ι
881 2234 1124 2272 Memoratur
1148 2244 1253 2271 anno
1279 2233 1387 2280 1338,
1414 2232 1513 2270 forte

102 2307 119 2329 ι
143 2293 249 2341 1328,
268 2293 311 2331 in
329 2293 474 2331 tabulis
495 2293 689 2342 Rigniaci.
714 2293 833 2331 Porro
853 2302 944 2329 eum
963 2291 1099 2330 dicunt
1120 2297 1237 2330 antea
1254 2291 1374 2328 fuisse
1393 2289 1512 2327 abba-

102 2365 119 2387 «
139 2358 221 2390 tem
247 2351 384 2390 Sancti
410 2351 598 2400 Medardi,
623 2358 868 2401 permutasse
894 2362 986 2389 cum
1011 2351 1195 2389 Johanue
1221 2350 1268 2389 de
1288 2348 1512 2388 Connantio

102 2424 119 2446 ι
142 2415 181 2449 et
199 2416 408 2460 utrumque
427 2411 710 2449 monasterium
730 2410 904 2448 tenuisse
918 2410 1074 2459 quando
1093 2410 1272 2449 discessit
1294 2422 1303 2446 :
1327 2408 1394 2447 sed
1413 2418 1513 2446 neu-

103 2483 120 2505 «
140 2475 202 2508 ter
213 2470 406 2508 hactenus
418 2470 549 2508 locum
562 2469 679 2509 habet
689 2470 731 2508 in
745 2470 920 2518 catalogo
934 2469 1119 2507 abbatum
1133 2468 1273 2507 Sancti
1285 2466 1473 2506 Medardi.
1495 2480 1511 2502 ι

101 2528 159 2567 Gr.
182 2529 220 2567 la
239 2530 451 2576 carensque
468 2529 520 2567 du
541 2529 818 2568 continuateur
843 2528 891 2566 de
909 2528 1133 2567 Guillaume
1152 2527 1201 2567 de
1220 2527 1371 2577 Nangis
1391 2531 1435 2572 (t.
1458 2525 1512 2573 11,

148 2646 184 2684 2.
206 2646 373 2685 Octohre
394 2646 501 2685 1323.

150 2705 183 2743 3.
209 2719 226 2740 «ι
248 2705 434 2754 Magister
451 2705 593 2743 Petrus
612 2704 660 2744 de
680 2705 895 2744 Malocroso
919 2718 934 2740 ι
958 2704 1106 2752 (Pierre
1125 2704 1172 2742 de
1188 2703 1424 2747 Manet-eun
1446 2711 1514 2739 sur

103 2775 147 2803 ce
166 2774 423 2813 personnage,
444 2763 528 2802 voit
542 2765 788 2812 Bibliothaquo
801 2766 843 2802 do
860 2758 990 2802 l'li'colo
1002 2765 1064 2802 dos
1076 2765 1232 2806 diarios,
1257 2763 1384 2800 annes
1406 2761 1512 2807 1887,
