1838 3164
95 315 202 363 ¹29⁷]
366 317 739 352 cunouocmma
763 316 918 350 mult
941 316 1222 350 muconmt.
1454 314 1499 351 65

92 415 203 449 eum
225 415 366 459 nova,
395 398 524 464 quod
542 398 703 448 hostes
722 396 821 463 jam
844 402 1073 446 venerant
1094 412 1244 461 usque
1266 394 1327 445 ad
1350 395 1502 445 homi-

90 492 175 526 nes
199 493 339 535 suos3
363 475 614 540 subitoque
637 473 766 524 misit
783 489 943 522 comes
961 474 1250 538 equitatores
1267 489 1397 532 suos,
1419 473 1501 539 qui

89 552 282 619 quidem
304 552 365 602 ab
383 552 598 603 hostibus
620 550 669 600 vi
693 550 893 616 refugati
917 556 1045 599 sunt.
1077 555 1173 600 Hec
1198 568 1314 618 ergo
1335 552 1502 602 videns

86 631 388 681 marescallus
405 629 598 681 Francie
614 628 753 679 irruit
771 645 917 694 super
933 634 1118 693 partem
1136 629 1360 688 hostium,
1383 647 1503 695 quo-

87 725 196 758 rum
229 708 490 760 Ghiselinus
518 705 787 772 Btodeque¹
815 711 919 756 erat
947 706 1236 772 capitaneus,
1265 707 1345 756 ubi
1374 724 1503 758 mor-

89 786 156 836 tui
177 791 286 836 sunt
308 785 407 835 fere
431 783 700 835 duodecim.

151 864 272 912 Dum
294 878 411 911 vero
436 861 735 911 marescallus
755 859 940 910 fortiter
963 859 1209 910 dimicaret
1227 864 1393 910 contra
1414 861 1503 910 ini-

86 937 253 996 micos,
271 936 525 987 multitudo
540 937 731 1003 copiosa
747 936 992 986 hominum
1010 952 1255 986 armorum
1277 936 1425 986 exivit
1442 937 1504 986 de

86 1014 269 1065 Furnis.
292 1017 419 1075 Quos
436 1014 621 1081 alonge
639 1013 951 1080 prospiciens,
979 1014 1281 1064 marescallus
1304 1014 1505 1064 retraxit

86 1106 137 1140 se
161 1089 222 1140 de
246 1107 405 1157 pugna
435 1095 484 1140 et
512 1090 640 1140 misit
664 1090 939 1140 festinanter
965 1089 1027 1140 ad
1056 1090 1279 1140 comitem
1301 1090 1505 1141 Anhasii

88 1167 325 1233 quesitum
344 1167 584 1234 juvamen.

0 1289 3 1316 z
151 1243 346 1294 Interim
360 1261 478 1295 vero
500 1244 759 1311 Philippus,
788 1243 911 1294 filius
931 1243 1145 1311 ejusdem
1163 1244 1368 1304 comitis,
1396 1260 1506 1295 cum

87 1321 186 1372 acie
204 1338 288 1372 sua
305 1322 435 1371 venit
459 1321 616 1372 subito
635 1327 687 1371 ut
705 1328 1003 1372 succurreret
1025 1322 1345 1382 marescallo¹,
1371 1328 1506 1373 tuno-

3 1399 9 1430 ·.
87 1415 181 1464 que
204 1398 446 1465 inceptum
470 1404 543 1448 est
567 1403 707 1448 atrox
724 1398 918 1448 bellum.

151 1477 336 1525 Interea
350 1492 540 1542 quoque
558 1475 817 1543 Philippus,
837 1475 954 1526 dum
972 1475 1159 1526 sortiter
1173 1482 1424 1543 pugnaret,
1443 1477 1505 1526 ab

4 1603 6 1605 ,
85 1550 302 1601 hostibus
325 1551 573 1601 conclusus
596 1557 645 1601 et
668 1557 836 1616 captus
860 1557 951 1601 est.
978 1554 1130 1601 Porro
1153 1567 1313 1601 comes
1336 1553 1506 1602 Arthe-

24 1682 30 1688 ,
88 1627 162 1687 sii,
190 1627 271 1693 qui
293 1627 511 1677 veniebat
533 1627 595 1677 ad
622 1627 815 1686 bellum,
841 1627 1037 1678 audiens
1067 1628 1217 1678 filium
1235 1643 1375 1678 suum
1401 1645 1505 1678 esse

87 1710 305 1770 captum,
349 1704 584 1755 festinavit
619 1710 815 1770 pontem
854 1705 1081 1762 transire;
1120 1705 1254 1755 multi
1295 1722 1411 1754 vero
1444 1705 1506 1755 de

85 1781 295 1832 exercitu
329 1797 416 1831 suo
448 1798 558 1831 eum
586 1781 812 1832 velociter
848 1787 1118 1848 sequentes,
1153 1781 1425 1832 ceciderunt
1457 1783 1504 1831 in

85 1875 272 1925 aquam.
301 1861 358 1908 Et
382 1858 598 1908 veniente
625 1858 798 1908 comite
831 1858 892 1908 ad
917 1858 1110 1917 bellum,
1141 1859 1363 1909 atrocitas
1395 1859 1505 1908 belli

87 1935 489 2003 quamplurimum
504 1940 655 2003 ,aucta
688 1941 778 1985 est.
814 1938 936 1985 Dum
966 1941 1125 1985 autem
1152 1952 1314 1985 comes
1340 1942 1505 1985 contra

88 2011 300 2062 inimicos
331 2011 552 2078 vigorose
584 2011 825 2077 preliaret,
861 2011 1055 2077 quidam
1082 2011 1143 2062 de
1173 2012 1384 2062 exercitu
1418 2029 1506 2062 suo

87 2094 331 2140 cernentes
354 2087 587 2154 quosdam
617 2088 678 2137 de
707 2088 906 2137 inimicis
931 2095 1064 2154 terga
1092 2094 1351 2146 vertentes,
1380 2089 1505 2138 inse-

86 2167 181 2218 cuti
199 2172 309 2218 sunt
325 2183 408 2216 eos
426 2172 579 2223 caute,
603 2171 957 2231 rapueruntque
974 2165 1239 2231 Philippum
1257 2166 1319 2215 de
1335 2167 1506 2216 Arthe-

87 2244 176 2303 sio,
203 2260 346 2310 quem
373 2243 605 2293 inermem
630 2259 791 2292 secum
815 2241 1052 2292 ducebant
1075 2242 1237 2292 hostes
1260 2243 1321 2291 ad
1347 2244 1506 2292 villam

137 2392 172 2430 1.
192 2391 248 2429 Le
266 2401 340 2428 ms.
361 2390 430 2429 dos
452 2391 657 2429 Anoimnos
684 2391 903 2436 chr-uniquus
922 2391 965 2426 de
990 2391 1151 2427 Flandre
1173 2389 1275 2427 suivi
1293 2400 1365 2438 par
1382 2389 1436 2427 M.
1457 2388 1505 2428 de

90 2449 243 2499 Wailly
259 2450 407 2497 (Histor.
421 2450 463 2486 do
479 2450 552 2492 Fr„
568 2454 598 2486 t.
614 2448 754 2495 XXII,
767 2460 805 2497 p.
822 2448 903 2495 364)
919 2448 1037 2486 ecrit:
1055 2450 1273 2487 Guillommo
1286 2449 1330 2485 do
1341 2450 1483 2486 :nuovo
1492 2462 1502 2491 ,-

91 2508 128 2547 le
147 2508 364 2547 manuscrit
381 2508 469 2558 qu’a
487 2509 666 2557 employe
680 2507 860 2556 Sauvage
874 2519 971 2556 pour
991 2518 1064 2545 son
1084 2506 1231 2546 edition
1244 2512 1353 2557 porte
1371 2521 1380 2545 ι
1402 2509 1506 2547 Guil-

93 2571 217 2608 laumo
235 2570 441 2616 Braquotts.

139 2627 176 2666 2.
200 2626 423 2665 Guillaume
441 2626 580 2665 Guiart
601 2628 750 2675 (Hector.
773 2628 816 2664 do
836 2629 914 2672 Fr„
934 2631 963 2664 t.
985 2626 1124 2674 XXII,
1144 2637 1182 2675 p.
1202 2626 1285 2674 230)
1302 2626 1453 2676 signale
1471 2627 1510 2665 la

12 2728 14 2730 ,
96 2692 335 2734 courageuse
355 2684 537 2724 conduite
556 2685 608 2723 du
627 2685 941 2734 porte-banniere
958 2684 1010 2722 du
1027 2685 1147 2734 jaune
1165 2685 1320 2734 prince;
1341 2696 1394 2723 on
1413 2685 1507 2735 l‘ap-

97 2743 216 2793 pelait
233 2743 335 2781 Jean
352 2743 513 2792 Grapin.
535 2743 628 2792 (Sur
648 2755 693 2783 ce
711 2754 957 2793 personnage
972 2743 1056 2781 voir
1074 2743 1177 2781 Bibl.
1193 2749 1292 2792 nat„
1311 2743 1377 2782 lat.
1399 2743 1508 2793 9783,

100 2802 167 2842 fol.
189 2802 236 2841 80
255 2810 297 2841 v⁰
316 2808 355 2842 et
374 2803 417 2841 81
439 2803 508 2849 νο.)

241 2866 256 2898 1
1345 2864 1366 2900 5
