1838 3164
89 289 192 338 1320]
362 294 735 329 cnuouomurms
760 294 914 328 nuum(
938 293 1216 327 mmmmm.
1418 287 1484 326 25¹

86 378 244 421 torum
268 372 341 421 vel
371 373 573 431 circiter,
600 390 693 422 una
716 371 894 438 pariter
917 371 977 420 de
1001 371 1202 421 diversis
1224 371 1354 429 locis,
1381 387 1488 436 grc-

84 448 222 515 gibus
246 449 468 508 dimissis,
496 454 726 498 venerunt
754 447 956 496 Parisius
983 447 1042 496 ad
1073 447 1302 512 palacium
1326 454 1374 496 et
1397 447 1487 496 alta

83 541 200 574 voce
218 525 392 574 ibidem
411 525 672 575 clamabant
685 522 812 588 quod
830 539 915 572 rex
940 539 1023 572 eos
1047 540 1155 572 cum
1175 540 1261 572 suo
1278 523 1487 573 exercitu

82 601 277 651 duceret
300 607 462 652 contra
487 601 697 650 infideles
718 599 964 650 Christiani
989 600 1208 656 nominis,
1236 600 1294 648 ad
1320 599 1487 650 Christi

83 677 385 727 vindicandas
414 677 622 744 injurias,
657 683 705 725 et
730 675 859 741 quod
882 676 1034 742 angeli
1066 677 1397 725 nunciaverant
1420 677 1489 725 eis

81 771 141 803 ex
160 761 294 820 parte
316 754 399 805 Dei
422 772 433 803 :
456 753 580 804 unde
605 753 738 803 multi
763 752 1071 810 mirabantur,
1100 752 1208 817 quia
1235 752 1489 802 credebant

81 847 165 881 eos
186 847 352 881 verum
374 830 578 881 dicere¹.

145 910 273 957 Tunc
290 907 530 973 Philippus
546 906 606 956 de
620 907 802 958 valesio
821 905 1001 956 audivit
1016 904 1145 972 quod
1164 910 1362 971 patruus
1377 921 1489 955 suus

79 1000 140 1035 ex
156 988 291 1049 parte
307 984 490 1043 matris,
505 984 757 1042 Robertus‚
774 999 859 1033 rex
871 982 1068 1040 Scicilie‚
1083 982 1306 1032 obsessus
1317 981 1364 1031 in
1377 981 1490 1031 civi-

79 1064 174 1110 tate
192 1060 429 1111 Janniensi
453 1078 480 1109 a
503 1060 757 1111 Guibelinis
781 1066 828 1110 et
852 1058 1134 1128 quibusdam
1158 1059 1278 1116 aliis,
1300 1059 1490 1108 miserat

78 1137 139 1187 ad
173 1152 333 1203 regem
367 1137 549 1186 ratione
585 1136 875 1203 cognationis
889 1174 901 1195 ,
939 1135 999 1185 ad
1036 1134 1303 1185 babendum
1337 1134 1490 1186 subsi-

79 1212 227 1263 dium.
251 1213 429 1263 Idcirco
453 1213 733 1279 supplicavit
757 1213 858 1279 regi
883 1212 1102 1277 quatinus
1124 1211 1259 1261 daret
1282 1211 1326 1261 ei
1350 1211 1490 1262 licen-

79 1290 198 1339 ciam
216 1289 355 1339 eundi
378 1307 388 1337 ε
406 1289 534 1354 quod
552 1289 593 1339 ei
605 1306 634 1338 a
649 1305 762 1355 rege
776 1304 1053 1339 conoessum
1073 1288 1196 1345 est²;
1212 1293 1260 1337 et
1274 1287 1490 1337 abierunt

79 1382 237 1416 secum
263 1382 422 1415 comes
453 1365 678 1424 Russiaci‚
711 1367 888 1430 Symon
917 1365 978 1415 de
1011 1369 1155 1422 Bova,
1182 1364 1418 1415 Gerardus
1440 1372 1489 1414 et

77 1442 317 1493 Beraudus
339 1442 400 1492 de
424 1442 639 1492 Marcueil
665 1442 851 1500 fratres,
879 1442 1109 1491 oliverius
1127 1442 1187 1492 de
1212 1442 1417 1502 Cliconio
1441 1447 1488 1491 et

78 1515 236 1584 plures
264 1520 356 1579 alii,
386 1519 717 1584 duxeruntque
743 1535 903 1569 secum
928 1535 1093 1568 omnes
1117 1518 1220 1567 illos
1252 1525 1485 1584 pastores,

76 1594 285 1646 dicentes
305 1596 374 1645 eis
394 1596 523 1662 quod
546 1596 771 1645 ducerent
794 1612 877 1645 eos
895 1611 1039 1662 supra
1058 1597 1342 1645 Sarracenos
1365 1595 1488 1644 ultra

80 1689 228 1799 migit-
247 1755 404 1799 autem
433 1748 700 1798 deridentes
731 1720 791 1798 de
819 1748 889 1798 eis
920 1747 1205 1814 paston'bus‚
1239 1748 1320 1814 qui
1353 1756 1488 1798 erant

123 1877 156 1914 1.
179 1876 291 1917 Voici
311 1876 379 1916 dos
398 1877 562 1916 extruite
586 1877 678 1916 d'un
696 1876 854 1927 joui-nal
882 1876 932 1913 du
960 1876 1118 1925 Tresor,
1137 1875 1203 1925 qui
1224 1881 1312 1914 sont
1337 1875 1485 1914 relatits

76 1946 153 1973 aux
184 1935 454 1975 Pastoureaux
486 1949 494 1973 ε
528 1950 545 1971 ι
578 1936 636 1974 De
665 1936 896 1985 quibusdam
925 1934 1272 1983 compositionibus
1302 1940 1342 1973 et
1371 1934 1485 1972 bonis

77 2006 93 2028 ι
117 1994 436 2042 Pastoreuorum,
457 1994 569 2033 sactis
595 2001 634 2032 et
654 1994 819 2042 receptis
838 1994 879 2031 in
904 1993 1137 2031 wnescallis
1157 1993 1484 2041 Pettagoricensi,

77 2066 94 2087 ι
116 2063 184 2101 pro
203 2053 390 2102 magistro
418 2052 635 2102 Reginaldo
653 2053 700 2091 de
726 2052 886 2100 Nolim,
916 2057 1115 2100 receptore
1140 2051 1332 2090 dictorum
1358 2052 1483 2089 bono·

78 2125 95 2146 «
118 2123 205 2149 rum
224 2116 263 2150 et
287 2112 655 2161 compositionum...
680 2125 697 2146 ι
732 2112 792 2158 (10
819 2111 960 2149 fevi-ier
987 2110 1092 2156 1322,
1118 2121 1158 2148 ιι.
1186 2116 1252 2152 st.)
1270 2131 1318 2139 —
1339 2124 1356 2145 ιι
1378 2110 1484 2148 Gen-

77 2184 92 2204 ι
116 2170 253 2209 cianus
271 2170 437 2217 Tritain,
464 2171 674 2209 hostiarius
694 2181 893 2208 armorum
914 2170 1031 2218 regis,
1051 2169 1195 2207 missus
1215 2169 1316 2218 apud
1338 2168 1485 2207 Corbo-

78 2243 94 2263 ι
116 2229 212 2266 lium
230 2239 300 2278 pro
319 2229 518 2279 capiendis
543 2229 776 2278 pasturellis.
801 2243 818 2263 ι
839 2229 898 2271 (28
923 2228 1010 2277 juin
1040 2228 1145 2267 1322.
1166 2248 1215 2257 -
1240 2228 1362 2266 Arch.
1385 2234 1484 2275 nat„

74 2288 151 2327 KK
171 2289 207 2335 1,
228 2288 292 2326 fol.
313 2288 336 2327 6
355 2294 395 2328 ot
414 2289 515 2330 120.)
530 2308 578 2317 -
596 2288 654 2326 Cf.
683 2299 761 2326 uns
782 2286 937 2326 version
956 2287 1150 2335 analogue
1169 2287 1193 2324 ὲ
1212 2287 1366 2326 celle-ci
1386 2287 1484 2326 dans

75 2347 111 2384 18
144 2347 420 2387 continuatam·
445 2347 492 2387 da
521 2347 744 2386 Guillaume
772 2346 820 2384 de
853 2346 1004 2395 Nangis
1034 2351 1078 2390 (t.
1111 2346 1165 2393 11,
1194 2357 1232 2395 p.
1265 2346 1326 2392 25)
1357 2351 1396 2384 st
1427 2346 1483 2386 las

74 2404 238 2443 Grandes
257 2406 482 2452 Ohmniquoe
500 2408 544 2452 (t.
566 2405 618 2452 V,
638 2417 675 2455 p.
697 2405 794 2447 2⁴5).

120 2461 156 2499 2.
178 2461 229 2500 Ni
250 2462 285 2499 18
305 2462 581 2501 continuatam·
603 2462 651 2500 de
669 2463 892 2501 Guillaume
914 2461 962 2500 de
987 2461 1150 2510 Nangis,
1177 2462 1219 2499 ni
1244 2462 1301 2500 les
1320 2463 1482 2501 Grandes

77 2521 305 2568 chroniquos
323 2533 374 2560 ns
393 2522 476 2561 font
495 2522 662 2562 allusion
681 2534 731 2561 au
750 2523 874 2571 projet
893 2522 941 2560 (18
960 2521 1137 2570 Philipps
1157 2521 1205 2559 de
1226 2521 1359 2559 Valois
1377 2521 1481 2559 d'en·

75 2579 223 2618 trainer
248 2581 272 2619 a
301 2592 345 2619 sa
372 2581 472 2620 suite
501 2581 558 2620 las
581 2581 729 2620 bandes
753 2582 800 2620 de
829 2582 1095 2619 Pastoureaux
1121 2591 1172 2619 en
1196 2581 1321 2619 Italia.
1342 2581 1379 2618 A
1395 2586 1483 2630 part

75 2643 176 2677 cette
194 2638 417 2684 differenco,
437 2651 503 2678 cos
521 2640 622 2679 deux
645 2645 773 2680 textas
802 2639 1043 2678 s'accordsnt
1069 2650 1164 2678 avec
1190 2640 1225 2677 18
1246 2641 1358 2678 notro
1382 2639 1482 2678 dans

74 2698 110 2734 18
130 2698 226 2736 recit
245 2698 292 2736 de
312 2699 350 2736 la
369 2709 582 2748 campagus
606 2699 654 2738 ds
679 2699 856 2748 Philippa
881 2699 927 2736 de
949 2698 1099 2746 Valois,
1126 2704 1212 2737 tout
1232 2710 1283 2736 sn
1302 2698 1478 2737 donnant

74 2756 160 2804 plus
179 2757 226 2794 de
245 2756 396 2796 dotails.
