1838 3164
331 293 398 332 ‘23‘2
602 292 972 327 cunouoonssmu
1000 292 1151 325 noun
1179 290 1456 325 'mco-Ul.
1625 288 1732 336 {¹3¹6

330 374 535 425 ascendit
572 388 714 437 super
746 387 920 438 equum
956 376 1004 421 et
1035 371 1163 420 venit
1198 370 1400 420 Parisius
1432 371 1730 429 festinantem

329 452 462 518 cujus
490 450 747 499 adventum
770 448 969 498 scientes
994 447 1274 506 Ludovicus,
1300 462 1461 497 comes
1484 448 1735 499 Ebroioen-

330 529 416 585 sis,
453 526 570 576 alter
602 531 799 592 patruus
827 525 946 592 ejus,
978 530 1027 574 et
1062 523 1315 575 Galcberus
1345 523 1406 573 de
1439 524 1732 582 Castellione,

329 602 727 654 conestabularius
751 602 961 662 Francie,
989 617 1097 651 cum
1121 601 1316 650 robusta
1339 600 1560 650 societate
1583 616 1738 651 arms-

330 688 504 739 torum,
527 678 650 729 illico
667 685 974 728 occurrerunt
991 678 1033 727 ei
1057 684 1105 727 et
1129 676 1458 727 conduxerunt
1480 692 1591 727 eum
1612 677 1738 727 Pari-

330 758 443 816 sius,
464 756 525 807 ad
543 755 783 806 castellum
803 755 931 821 quod
950 755 1123 805 dicitur
1140 758 1340 820 Lupum,
1362 754 1442 804 ubi
1467 753 1646 804 dictum
1666 759 1739 805 est

330 835 391 893 ei,
413 833 541 900 quod
565 833 761 883 comites
779 832 946 884 valesii
971 839 1018 881 et
1037 831 1236 881 Marchie
1256 838 1511 897 posuerant
1526 830 1740 881 homines

330 926 571 960 armorum
597 909 643 958 in
669 908 839 975 palatio
864 908 1025 975 regali,
1053 906 1113 957 ad
1138 907 1485 973 prohibendum
1509 908 1550 957 ei
1577 907 1740 958 introi-

330 993 455 1044 tum;
483 985 702 1050 misitque
725 985 785 1034 ad
805 985 1063 1051 burgenses
1080 984 1292 1050 ejusdem
1310 984 1460 1044 urbis,
1482 985 1564 1050 qui
1581 985 1738 1035 statim

330 1069 560 1112 venerunt
583 1063 643 1112 ad
668 1078 795 1112 eum.

388 1142 542 1189 Porro
553 1138 951 1189 conestabularius
963 1154 1070 1188 cum
1085 1138 1183 1188 suis
1195 1138 1310 1187 viris
1322 1153 1564 1188 armorum
1578 1138 1742 1189 abiens

330 1222 437 1266 ante
462 1216 588 1265 fores
607 1215 781 1282 palatii,
804 1231 859 1264 ac
882 1215 1124 1280 reperiens
1148 1214 1276 1280 ipsas
1296 1214 1494 1274 clausas,
1518 1215 1737 1281 pulsavit.

330 1297 387 1343 Et
405 1309 513 1344 ecce
531 1293 745 1343 homines
763 1309 1004 1343 armorum
1022 1293 1300 1343 accedentes
1314 1293 1373 1343 ad
1393 1299 1579 1359 portam
1597 1293 1744 1344 inten-

331 1377 618 1437 rogaverunt
647 1387 747 1428 eos,
781 1370 895 1437 quid
926 1370 1125 1429 vellent;
1161 1378 1209 1421 et
1239 1371 1316 1420 alii
1350 1371 1699 1437 respondemnt
1726 1389 1738 1421 z

336 1469 357 1495 ι
387 1451 481 1497 Nos
505 1448 720 1498 venimus
741 1447 802 1496 ad
828 1447 1178 1514 preparandum
1202 1448 1358 1498 locum
1388 1448 1572 1515 regenti
1600 1451 1743 1499 Fran-

336 1545 356 1571 «
387 1525 475 1583 cie,
496 1525 577 1596 quj
590 1524 736 1574 venit.
762 1544 783 1571 ι
805 1523 876 1575 Λᾶ
898 1524 1023 1591 [bec]
1041 1524 1103 1574 illi
1122 1524 1183 1574 de
1202 1525 1380 1591 palacio
1395 1525 1743 1591 responderunt

331 1602 460 1668 quod
494 1618 588 1651 non
622 1601 868 1659 intrarent,
898 1601 986 1651 nisi
1018 1618 1106 1667 per
1128 1602 1422 1652 voluntatem
1449 1618 1635 1661 eorum,
1660 1603 1742 1668 qui

332 1685 591 1746 posuerunt
614 1696 698 1729 eos
721 1679 804 1729 ibi.
833 1678 1242 1730 conestabularius
1265 1679 1409 1746 igitur
1438 1679 1546 1730 fecit
1574 1678 1742 1730 adduci

331 1757 601 1823 quadrigas,
623 1756 683 1806 ad
704 1755 1014 1823 frangendum
1032 1763 1212 1822 portas,
1240 1757 1402 1807 dicens
1424 1757 1514 1807 illis
1537 1757 1599 1808 de
1621 1756 1743 1807 infra

331 1834 478 1900 quod,
508 1835 546 1883 si
573 1850 668 1891 non
691 1834 931 1899 aperirent
953 1839 1134 1899 portas,
1161 1834 1313 1900 capita
1339 1849 1506 1885 eorum
1530 1839 1744 1900 amputa-

330 1916 512 1960 rentur.

395 1986 603 2037 Tandem
622 2002 739 2036 vero
762 1991 922 2036 custos
944 1987 1106 2053 palacii
1129 1988 1314 2054 aperuit
1335 1988 1564 2055 palacium
1581 1987 1743 2039 comiti

331 2064 550 2124 Pictavie,
577 2064 657 2129 qui
682 2080 791 2113 cum
821 2080 993 2131 magna
1021 2064 1220 2114 militum
1250 2071 1439 2115 caterva
1469 2065 1663 2115 intravit
1689 2082 1745 2116 ac

331 2142 481 2192 tenuit
518 2141 582 2191 ibi
625 2146 800 2191 statum
844 2157 1010 2200 suum,
1048 2141 1227 2192 ibidem
1269 2142 1521 2192 officiarios
1563 2142 1745 2210 regales

331 2219 638 2268 constituens.
667 2221 725 2269 Et
755 2218 844 2267 boc
875 2217 1017 2276 facto,
1046 2219 1286 2268 mandavit
1308 2219 1531 2270 omnibus
1554 2219 1745 2271 baroni-

332 2296 422 2345 bus
450 2295 642 2344 Francie
671 2295 800 2360 quod
829 2295 1046 2345 venirent
1074 2295 1135 2345 ad
1166 2295 1431 2346 faciendum
1461 2295 1552 2346 sibi
1581 2297 1744 2347 homa-
1809 2358 1811 2361 y

332 2373 484 2439 gium,
519 2372 709 2421 nomine
743 2372 814 2422 sui
850 2372 1058 2438 nepotiS,
1093 2373 1175 2438 qui
1209 2389 1295 2422 rex
1328 2380 1452 2433 erat,
1485 2373 1744 2424 secundum

332 2455 510 2498 rectam
544 2449 759 2498 lineam¹.
793 2449 970 2499 Deinde
1002 2450 1198 2500 comites
1235 2451 1427 2511 valesii,
1463 2451 1664 2502 Marchie
1695 2458 1744 2502 et

334 2526 488 2576 Sancti
522 2526 671 2585 Pauli,
709 2527 911 2577 scientes
952 2520 1082 2593 quod
1119 2544 1279 2578 comes
1312 2529 1513 2579 Pictavie
1551 2545 1744 2596 acoepe-

335 2610 408 2652 rat
436 2603 647 2670 regimen
679 2605 812 2671 regni
836 2611 885 2654 et
907 2594 1038 2672 quod
1066 2605 1268 2656 habebat
1298 2605 1527 2673 majorem
1555 2612 1741 2672 partem

385 2763 418 2800 1.
440 2763 495 2799 Le
514 2763 574 2799 fils
593 2763 641 2801 da
659 2763 778 2801 Louis
759 2764 852 2812 sX,
871 2764 1212 2814 Jean1w‚nmquit
1233 2766 1268 2804 le
1290 2767 1334 2804 ¹5
1352 2776 1431 2805 nov
1406 2765 1565 2805 vembre
1587 2765 1691 2804 ¹316.
