1838 3164
108 306 213 355 13⁰2]
381 310 754 346 CHRONOGRAPHIA
779 309 932 344 amm(
956 308 1236 343 manconmt.
1440 305 1507 342 ¹09

105 388 213 454 equi
240 388 330 448 sui,
359 389 611 455 statimque
633 403 888 454 percussus
915 393 987 437 est
1012 406 1038 437 a
1068 388 1294 453 quodam,
1326 387 1388 437 de
1415 404 1509 437 una

103 465 284 515 machia
307 466 355 515 in
381 472 653 516 transverso
683 464 840 514 vultus
864 463 963 522 sui;
996 470 1045 513 et
1071 465 1187 514 dum
1213 481 1372 514 comes
1395 464 1510 514 inci-

100 548 236 608 peret
259 543 461 593 clamare
490 562 500 592 :
527 562 550 590 ‹
579 542 767 607 Accipe,
794 540 955 606 accipe
978 542 1198 591 comitem
1222 542 1450 591 Arthesii!
1480 560 1504 588 a

28 639 34 647 ’τ
100 619 293 684 quidam
322 620 519 671 accessit
546 624 595 670 et
625 618 857 669 abscindit
884 617 1127 667 brachium
1159 618 1303 684 ejus¹.
1331 617 1508 668 Deinde

6 1078 35 1501 ιξῖῆοῆὴᾌφᾳπυᾰθφωί-ἐώ-
16 1058 25 1071 ·-
10 778 39 1045 ε’.,ιιῇςέε·;-,ᾳεκφ
19 770 23 771 =
22 710 26 717 „

2 1500 24 1606 ⁴-39-Lv‘v-c',

100 712 274 762 corpus
298 696 398 763 ejus
420 695 590 747 lanceis
613 695 975 761 perforaverunt
998 700 1047 743 et
1070 693 1345 744 occiderunt
1375 710 1503 744 eum.

98 773 292 823 Interim
309 789 424 823 vero
442 773 678 823 Johannes
695 772 756 823 de
774 776 996 830 Renessa,
1019 771 1101 837 qui
1119 770 1322 820 habebat
1346 788 1508 821 secum

97 850 230 915 quasi
254 850 624 916 quadringentos
647 848 960 900 Hollaudistas
982 864 1073 915 pro
1103 847 1278 897 auxilio
1307 847 1507 897 Flamin-

96 942 265 994 gorum
275 927 312 986 ²,
332 926 417 975 ivit
439 926 500 976 ad
524 926 725 976 tentoria
748 929 1038 976 Francorum
1064 942 1075 973 :
1105 921 1329 991 fugerunt
1345 929 1505 974 autem

95 1001 177 1067 qui
192 1001 241 1051 in
255 1001 468 1052 tentoriis
484 1008 634 1061 erant,
657 1002 904 1052 credentes
921 999 1125 1051 evadere
1141 1018 1155 1058 ;
1177 1015 1299 1066 quos
1313 999 1504 1066 quidem

95 1077 288 1128 insecuti
314 1084 424 1128 sunt
447 1078 661 1129 Hollandi
685 1084 732 1128 et
751 1082 1040 1129 necaverunt
1062 1094 1162 1128 eos.

158 1158 307 1206 Porro
340 1155 604 1206 Ludovicus
638 1156 700 1206 de
733 1156 1031 1208 Claromonte
1064 1160 1113 1205 et
1142 1154 1341 1204 comites
1368 1153 1505 1204 Bolo-

94 1231 268 1283 niensis
292 1239 340 1282 et
361 1233 515 1283 Sancti
540 1233 685 1293 Pauli,
714 1233 951 1284 Robertus
975 1231 1151 1283 scilicet
1167 1237 1216 1282 et
1235 1229 1404 1289 Guido,
1422 1231 1503 1296 qui

93 1309 385 1376 retrogardie
414 1316 654 1376 preerant,
690 1310 906 1361 videntes
941 1310 1206 1376 Flamingos
1238 1307 1501 1375 prevalere,

92 1383 313 1451 fugerunt
339 1391 387 1435 et
411 1387 710 1436 evaserunt'.
739 1385 1012 1452 Radulphus
1035 1402 1170 1444 vero,
1198 1384 1418 1434 dominus
1444 1382 1505 1432 de

91 1460 283 1527 Nigella,
307 1462 498 1511 Francie
517 1462 934 1521 conestabularius,
956 1461 1247 1512 ferocissime
1264 1459 1505 1527 pugnabat

91 1544 255 1588 contra
289 1539 554 1605 Flamingos
591 1558 602 1589 :
640 1545 744 1589 erat
773 1545 930 1590 autem
958 1544 1124 1588 contra
1152 1537 1499 1595 Gandavenses,

91 1615 173 1681 qui
197 1615 396 1666 libenter
419 1616 697 1667 liberassent
715 1633 843 1675 eum,
865 1616 902 1665 si
922 1615 1163 1665 voluisset.
1187 1617 1295 1681 lpse
1312 1629 1502 1679 quoque

91 1692 160 1742 sic
191 1692 376 1743 dicebat
413 1711 424 1742 :
465 1713 487 1740 ‹
525 1695 642 1744 Nolo
676 1694 782 1760 plus
815 1693 994 1751 vivere,
1030 1692 1140 1758 quia
1172 1691 1312 1741 video
1343 1697 1502 1741 tantos

93 1788 115 1815 ι
145 1768 292 1828 viros,
329 1770 409 1835 qui
444 1769 532 1820 flos
563 1777 697 1819 erant
732 1770 902 1820 milicie
935 1769 1089 1819 tocius
1122 1768 1497 1825 Christianitatis,

93 1864 116 1893 ‹
143 1851 347 1895 mortem
367 1846 544 1896 subire.
579 1866 600 1894 ›
627 1847 857 1907 Quoniam
881 1862 997 1913 ergo
1021 1862 1073 1897 se
1104 1846 1306 1896 reddere
1331 1846 1496 1903 noluit,

89 1921 173 1972 sed
197 1927 324 1972 totus
347 1923 695 1974 excandescens
716 1924 763 1973 in
787 1924 925 1982 iram,
952 1939 1036 1973 eos
1060 1923 1194 1989 quasi
1220 1923 1500 1973 furibundus

137 2083 171 2120 1.
192 2081 267 2120 Les
279 2083 482 2121 Anosennos
503 2085 720 2131 chronique„
741 2084 783 2121 do
803 2085 961 2121 mandre
979 2083 1156 2132 ajoutant
1175 2093 1253 2120 aux
1275 2082 1428 2131 paroles
1447 2081 1499 2119 du

90 2145 216 2181 comte
235 2139 406 2180 d’Artois
426 2153 492 2181 ces
511 2143 699 2192 quelques
719 2148 822 2181 mots
844 2155 852 2180 ε
877 2157 894 2178 ι
916 2143 949 2180 n
969 2153 1065 2180 vous
1085 2141 1167 2179 sera
1192 2141 1335 2180 riches.
1358 2155 1375 2176 ι
1399 2142 1499 2188 (His-

90 2202 160 2238 tm-
181 2201 224 2239 do
242 2202 318 2246 Fr„
340 2202 587 2251 t..XX11,p
609 2202 690 2240 378.
695 2204 705 2248 )
727 2201 790 2240 On
808 2207 869 2239 est.
888 2201 969 2239 loin
988 2201 1039 2238 du
1060 2201 1157 2239 tecit.
1176 2200 1245 2238 tait
1265 2211 1335 2249 par
1352 2200 1388 2238 le
1408 2211 1499 2239 con·

88 2257 287 2299 tinuateur
305 2260 352 2300 de
371 2261 594 2300 Guillaume
613 2261 660 2299 de
679 2261 831 2310 Nangis
850 2264 890 2308 (t.
906 2260 940 2308 Ι,
954 2271 990 2309 p.
1009 2260 1089 2307 319)
1111 2265 1150 2298 et
1169 2270 1239 2308 par
1257 2259 1314 2297 les
1333 2259 1499 2298 Grandes

90 2317 317 2366 chronique-s
338 2321 379 2368 (t.
395 2319 447 2367 V,
460 2331 495 2369 p.
516 2321 613 2368 140),
632 2320 698 2370 qui
719 2319 948 2369 protendant.
967 2330 1042 2369 que
1062 2318 1258 2357 Robertd’
1261 2317 1395 2356 Artois
1413 2319 1497 2367 pre-

89 2375 171 2415 lata
193 2378 232 2416 la
255 2384 358 2418 mort
381 2379 405 2417 a
430 2380 468 2418 la
492 2380 613 2418 honte
639 2379 759 2418 d'etre
784 2380 1006 2429 prisonnier
1031 2378 1078 2416 de
1106 2389 1150 2417 ce
1178 2392 1196 2414 ι
1225 2378 1277 2416 vil
1301 2383 1342 2417 et
1360 2378 1496 2416 villain

91 2448 108 2472 ι
130 2437 278 2486 peuple.
306 2451 324 2473 ι

134 2495 171 2533 ‘z-
193 2495 273 2534 Des
300 2502 426 2536 textos
455 2497 655 2538 diffamata
686 2499 754 2537 des
782 2501 985 2538 Anoionnos
1016 2499 1235 2546 chronique-v
1264 2499 1307 2536 do
1337 2499 1497 2536 flandra

89 2553 212 2593 fixent
228 2557 355 2595 tantot
371 2556 395 2595 ὰ
412 2557 497 2606 ⁴00,
510 2560 638 2598 tantot
650 2559 673 2597 a
686 2559 772 2605 200,
786 2570 837 2597 ou
856 2559 947 2596 bien
963 2568 1105 2596 encore
1119 2558 1143 2595 a
1162 2557 1272 2605 4,ooo
1283 2557 1319 2595 le
1333 2556 1494 2595 nombre

89 2611 157 2651 des
176 2624 272 2662 gens
291 2613 341 2653 du
362 2615 544 2666 seigneur
556 2616 605 2656 de
623 2617 815 2657 Renesse.
830 2617 893 2656 On
906 2616 1090 2666 adoptata
1110 2626 1203 2655 sans
1215 2615 1332 2654 doute
1351 2616 1388 2654 le
1406 2625 1497 2665 pra·

89 2671 190 2710 miei·
211 2673 388 2713 nombre.

137 2730 171 2768 3.
193 2731 248 2770 Le
268 2733 543 2773 continuatam·
560 2734 607 2774 de
625 2735 849 2775 Guillaume
870 2736 916 2774 de
935 2735 1087 2786 Nangis
1108 2737 1149 2784 (t.
1171 2735 1205 2784 Ι,
1225 2746 1263 2785 p.
1287 2734 1368 2781 319)
1389 2734 1495 2772 ῑιΊιό-

20 2815 22 2818 >
90 2788 163 2829 site
180 2801 249 2839 pas
267 2791 291 2829 a
309 2793 486 2841 qualifier
505 2799 606 2834 cette
624 2795 720 2834 t'uite
738 2795 786 2834 de
804 2797 884 2834 tres
903 2796 1110 2834 honteuse.
