1838 3164
36 289 52 304 ⁹
127 286 232 335 1294]
399 291 771 327 cmtouoclupnu
796 292 950 326 amm(
975 291 1256 325 mucetum
1491 289 1535 326 43

129 390 151 418 ι
179 370 376 421 Domine
394 372 460 420 mi
483 388 588 431 rex,
609 387 720 423 ecce
736 371 832 421 filia
855 387 978 430 mea,
1001 378 1200 437 cognata
1217 377 1377 421 vestra
1395 376 1537 438 atque

123 447 280 506 filiola,
308 465 402 514 que
424 465 534 498 cum
564 448 832 499 Edowardo
854 463 968 513 rege
992 448 1156 514 Anglie
1187 449 1538 498 matrimonium

121 525 372 585 contrahit,
392 542 485 591 que
500 541 595 575 non
611 525 712 575 vult
727 542 755 574 a
770 540 920 591 regno
930 530 1091 573 vestro
1103 525 1347 575 discedere
1358 526 1538 591 absque

121 603 267 652 vestri
311 602 502 652 licencia
546 606 689 667 atque
726 601 986 650 voluntate.
1029 620 1051 647 ι
1089 602 1161 651 Ad
1202 619 1343 667 quem
1391 619 1479 652 rex
1523 621 1534 652 :

126 697 147 725 ‹
173 679 370 728 Domine
387 693 564 736 comes,
593 678 775 727 nonita
799 693 851 727 se
870 677 1061 727 habebit
1082 693 1179 727 res.
1202 680 1297 728 Vos
1321 695 1429 728 cum
1454 679 1540 729 ini·

122 755 247 804 mico
278 771 388 804 meo
423 753 861 805 confederacionem
895 753 1096 812 fecistis,
1130 769 1207 802 me
1242 753 1489 819 ignorante
1524 773 1535 803 :

121 848 267 897 quare
290 848 396 890 vos,
420 847 529 881 cum
554 831 648 881 filia
671 836 849 890 vestra,
883 830 1188 880 remanebitis
1213 847 1360 896 penes
1383 847 1478 880 me.
1515 851 1536 878 ι

121 910 250 959 Tunc
279 924 365 957 rex
400 908 642 974 Philippus
676 908 787 958 fecit
816 909 947 975 ipsos
974 908 1151 958 ducere
1175 908 1381 958 Par-isius
1410 915 1459 958 et
1493 908 1539 957 in

120 990 276 1036 castro
308 985 370 1035 de
410 988 595 1051 Lupara
628 984 966 1051 imprisionari,
1000 1002 1124 1035 anno
1157 985 1342 1035 Domini
1379 985 1434 1036 ιθ
1465 985 1543 1036 00⁰

121 1062 427 1128 nonagesimo
449 1062 537 1113 m1⁰
553 1062 592 1112 ¹.

186 1143 363 1191 Verum
386 1140 647 1206 Anglorum
670 1156 757 1189 rex
782 1138 1098 1197 Edowardus,
1126 1144 1179 1189 ut
1207 1138 1387 1189 audivit
1411 1139 1541 1206 quod

122 1233 282 1266 comes
297 1217 512 1267 Flandrie
530 1222 579 1266 et
594 1217 687 1267 filia
703 1217 805 1283 ejus
824 1216 1028 1267 Parisius
1048 1217 1094 1266 in
1110 1222 1266 1267 castro
1282 1216 1344 1266 de
1359 1220 1543 1283 Lupara

0 1276 4 1318 ³
28 1319 30 1322 ·
122 1295 169 1344 in
193 1293 416 1359 capcione
448 1294 575 1360 regis
605 1300 741 1343 erant
766 1294 963 1353 detenti,
990 1310 1165 1360 magno
1197 1294 1359 1345 furore
1389 1295 1543 1359 reple-

123 1377 216 1430 tus,
245 1370 403 1420 statim
422 1376 577 1421 totum
595 1370 836 1438 navigium
854 1387 995 1422 suum
1012 1372 1336 1438 congregavit,
1359 1371 1542 1438 illisque

122 1448 203 1514 qui
228 1448 355 1498 intus
379 1455 514 1498 erant
541 1449 756 1514 precepit
787 1448 917 1514 quod
943 1465 1089 1514 super
1119 1465 1322 1515 regnum
1349 1449 1542 1499 Francie

122 1541 263 1576 omne
294 1525 469 1575 malum
503 1525 711 1575 facerent
743 1525 873 1590 quod
898 1525 1112 1575 breviter
1139 1525 1295 1575 facere
1327 1532 1539 1591 possent,

124 1603 342 1667 misitque
367 1603 414 1652 in
439 1602 766 1668 Aequitaniam
792 1602 997 1651 dominis
1024 1602 1225 1652 Johanni
1250 1601 1312 1651 de
1339 1602 1544 1652 Arbreto

122 1684 170 1729 et
193 1679 393 1729 Johanni
422 1679 482 1729 de
507 1681 678 1730 Sancto
701 1679 929 1738 Johanne,
958 1684 1011 1728 ut
1040 1684 1220 1729 terram
1243 1678 1372 1746 regis
1400 1683 1544 1730 Fran-

122 1773 290 1808 corum
311 1755 521 1822 graviter
544 1756 864 1806 devastarent.

183 1836 333 1884 Porro
357 1833 526 1893 Guido,
555 1850 715 1884 comes
747 1833 989 1892 Flandrie,
1023 1834 1198 1884 auxilio
1225 1834 1543 1901 quorumdam

120 1910 380 1961 amicorum
414 1926 611 1961 suorum
644 1910 899 1967 mediante,
926 1928 954 1960 a
979 1910 1198 1976 captione
1223 1911 1351 1978 regis
1374 1912 1544 1962 libera-

119 1991 197 2037 tus
228 1991 318 2044 est,
358 1985 535 2036 ibidem
564 1986 659 2035 filia
687 2002 771 2035 sua
809 1991 1101 2044 remanente,
1135 1985 1216 2035 tali
1250 1986 1543 2054 obligacione

120 2062 250 2129 quod
265 2062 306 2113 si
324 2063 527 2129 amplius
546 2062 813 2121 rebellaret,
837 2062 876 2111 si
894 2062 1100 2112 elevaret
1124 2078 1176 2112 se
1194 2069 1360 2113 contra
1378 2080 1543 2131 regem

119 2139 330 2199 Francie,
359 2139 479 2205 ipse,
507 2139 591 2189 filii
616 2139 718 2205 ejus
743 2145 790 2189 et
814 2156 982 2190 omnes
1006 2139 1308 2190 auxiliatores
1333 2141 1435 2207 ejus
1459 2157 1542 2191 seu

120 2217 326 2267 fautores
356 2217 506 2283 partis
542 2217 665 2280 ejus,
710 2217 999 2267 sentenciam
1037 2218 1543 2268 excommunicacionis

120 2292 415 2343 incurrerent
439 2294 695 2359 apostolica
717 2294 1010 2351 auctoritate,
1039 2299 1155 2352 etc.;
1177 2301 1225 2344 et
1250 2294 1318 2344 sic
1337 2294 1447 2345 inde
1467 2294 1543 2344 lit—

121 2369 235 2419 teris
261 2369 551 2439 obligatoriis
581 2371 807 2421 confectis
836 2378 884 2422 et
912 2371 1123 2436 quodam
1153 2371 1244 2421 alio
1269 2372 1542 2439 juramento

120 2462 209 2511 per
244 2462 355 2497 eum
387 2447 611 2513 prestito,
649 2453 770 2506 etc.,
806 2447 853 2497 in
889 2447 1157 2499 Flandriam
1191 2464 1413 2499 reversus
1445 2454 1536 2499 est.

121 2522 231 2573 Filia
253 2539 370 2573 vero
393 2524 510 2590 ejus,
534 2525 690 2590 quein
707 2525 834 2591 regis
852 2525 1076 2590 capcione
1101 2532 1409 2585 remanserat,
1429 2542 1540 2577 cum

170 2659 203 2695 1.
226 2657 327 2695 Tout
352 2658 435 2697 ceci
463 2664 523 2697 est
548 2661 708 2699 raconte
735 2671 786 2698 en
811 2661 1000 2710 quelques
1019 2661 1146 2711 lignes
1172 2661 1392 2700 seulement
1412 2673 1484 2711 par
1502 2663 1540 2701 la

124 2716 334 2763 carentque
353 2715 399 2754 de
419 2716 641 2756 Guillaume
662 2718 710 2756 de
729 2719 881 2768 Nangi·
906 2722 947 2766 (t.
972 2719 1004 2768 1,
1029 2731 1067 2769 p.
1091 2720 1190 2769 287),
1214 2731 1367 2759 comme
1389 2731 1461 2770 par
1481 2721 1538 2759 les

123 2776 285 2814 Grandes
306 2777 531 2824 Ghmniquos
551 2778 592 2820 (t.
614 2778 667 2826 V,
686 2789 724 2827 p.
750 2780 844 2823 107).
