1838 3164
79 205 144 221 Α*

121 287 226 335 ¹298]
398 291 773 327 CHRONOGRAPmA
797 293 954 326 meam(
977 292 1260 327 chonmt.
1488 290 1534 326 75

117 370 291 420 amodo
326 370 451 419 inter
481 387 565 420 eos
598 376 724 421 esset
751 387 848 436 pax
880 371 1036 420 firma.
1067 374 1170 421 Rex
1195 370 1338 437 igitur
1368 370 1534 437 Anglie

116 447 300 506 videm,
329 447 460 513 quod
484 447 629 498 alcius
646 463 743 497 non
769 452 957 512 poterat
987 448 1216 505 maritari,
1245 447 1408 497 annuit
1431 448 1534 514 regi

115 524 309 575 Francie
340 524 470 590 quod
500 524 711 591 petebat,
739 523 1001 573 dummodo
1034 529 1143 572 ante
1173 524 1332 573 omnia
1359 524 1534 575 faceret

115 617 226 651 eum
248 601 497 651 absolvere
512 617 540 649 a
555 599 726 665 Papa¹.
747 599 917 649 Dicunt
936 599 1085 649 eciam
1104 600 1252 664 quod,
1274 617 1384 650 cum
1406 601 1535 651 idem

20 736 22 738 ,
115 694 204 728 rex
238 678 404 744 Anglie
433 684 619 727 moram
648 675 860 726 traheret
888 676 936 725 in
970 676 1213 735 Gandavo‚
1247 683 1432 728 motum
1461 684 1535 729 est

110 755 321 822 jurgium
338 754 463 804 inter
478 753 673 820 Anglos,
697 753 940 804 walenses
958 760 1007 803 et
1024 753 1376 813 Gandavenses,
1399 756 1463 804 ita
1483 762 1535 805 ut

19 893 21 898 A
116 837 317 896 utraque
342 846 454 896 pars
482 846 535 879 se
559 835 766 879 armaret
788 836 955 879 eontra
977 829 1135 889 aliam,
1162 830 1534 898 inceperuntque

113 908 285 959 acriter
306 923 519 973 pugnare
537 913 587 957 et
610 906 759 974 fugati
783 912 895 957 sunt
914 907 1095 974 Anglici
1118 924 1271 974 usque
1288 908 1349 958 ad
1374 908 1535 974 hospi-

14 995 26 1046 ,ἱ
112 985 238 1036 oium
267 984 449 1052 regis23
482 984 570 1034 hec
596 1001 714 1033 vero
737 999 938 1035 cernens
964 1001 1071 1044 rex,
1096 985 1300 1051 sumpsit
1323 1001 1456 1035 arma
1486 992 1535 1034 et

17 1078 21 1086 “
111 1061 324 1113 ascendit
347 1078 492 1128 super
518 1061 810 1112 dextrarium
836 1062 983 1112 armis
1003 1062 1240 1122 velatum,
1271 1063 1530 1128 exivitque,

13 1157 23 1207 Ἰ
113 1138 286 1190 vexillo
301 1143 520 1198 extense,
543 1138 863 1204 Aequitaniam
880 1139 1204 1198 vociferando,
1224 1145 1274 1189 et
1290 1140 1534 1206 ingressus

10 1209 25 1284 f
112 1222 186 1269 est
209 1232 318 1266 cum
345 1216 681 1283 pugnantibus.
703 1218 873 1267 Comes
892 1233 1009 1283 ergo
1028 1217 1245 1268 Flandrie
1262 1217 1354 1267 hiis
1371 1218 1534 1284 cogni-

111 1294 191 1354 tis,
229 1293 446 1359 protinus
485 1310 632 1360 eques
669 1294 885 1352 accessit,
921 1294 1177 1360 divisitque
1217 1294 1447 1344 bellantes
1485 1301 1535 1344 et

113 1369 304 1419 reduxit
324 1385 487 1435 regem
502 1369 564 1419 ad
582 1369 847 1435 hospicium
863 1385 1003 1419 suum
1023 1388 1035 1419 ε
1058 1369 1104 1419 in
1125 1369 1204 1419 illo
1225 1370 1378 1435 prelio
1397 1370 1534 1420 multi

114 1445 294 1512 Anglici
313 1445 465 1495 necati
484 1450 612 1495 sunt.
634 1448 738 1495 Rex
757 1462 948 1511 quoque
966 1446 1132 1512 Anglie
1150 1446 1275 1511 cepit
1292 1446 1533 1496 licenciam

11 1584 13 1587 .
112 1541 140 1574 a
173 1523 344 1573 comite
375 1522 667 1580 Flandrensi,
697 1528 970 1588 pretactum
999 1523 1353 1573 matrimonium
1380 1523 1534 1573 adhuc

111 1600 384 1667 ignorante,
420 1605 470 1648 et
501 1597 696 1648 intravit
733 1614 865 1648 mare
904 1598 1033 1664 apud
1066 1599 1356 1650 Hildebourc
1391 1617 1447 1649 ac
1482 1601 1528 1649 in

110 1677 326 1743 Angliam
343 1691 591 1742 regressus
608 1676 731 1725 θεῖ’.
756 1674 934 1725 Deinde
952 1676 1230 1725 transmissa
1253 1682 1328 1725 est
1354 1676 1397 1726 ei
1422 1693 1533 1741 pre-

110 1751 236 1802 dicta
259 1751 451 1801 domina
470 1756 518 1800 et
541 1750 850 1816 desponsavit
867 1751 1001 1800 eam⁴
1021 1757 1070 1800 et
1087 1751 1251 1817 genuit
1269 1751 1318 1800 in
1337 1768 1393 1801 ea
1408 1752 1530 1802 duos

3 1839 13 1859 '-
111 1828 232 1878 filios
253 1845 266 1877 :
294 1828 480 1895 primus
498 1832 695 1878 vocatus
712 1834 786 1878 est
809 1844 971 1878 comes
989 1829 1322 1879 marescallus⁵
1340 1836 1388 1879 et
1410 1830 1533 1880 alter

0 2639 16 2667 Γ

0 2670 12 2706 '⁸5

0 2711 6 2734 ι

15 1905 18 1958 ἶ
112 1921 274 1956 comes
295 1905 357 1955 de
382 1908 584 1966 Quento.

177 1983 263 2035 Hic
284 1988 358 2033 est
380 1982 695 2040 Edowardus‚
717 1981 882 2048 Anglie
907 1998 1012 2040 rex,
1034 1981 1117 2047 qui
1138 1989 1463 2049 assumpserat
1482 1983 1531 2033 in

111 2075 163 2111 se
189 2059 419 2126 judicium
448 2059 509 2109 de
542 2059 883 2109 constitucione
913 2058 1040 2125 regis
1070 2059 1242 2109 Scotie.
1274 2063 1391 2110 Nam
1421 2067 1532 2126 post

111 2142 315 2187 mortem
338 2137 465 2203 regis
492 2137 664 2195 Scotie,
693 2137 914 2186 dominus
943 2136 1178 2186 Johannes
1202 2137 1264 2187 de
1290 2137 1527 2196 Bailleolo‚

111 2213 160 2264 in
183 2230 306 2282 pago
329 2214 521 2266 Vimesii
544 2214 875 2264 Ambianensis
898 2214 1099 2264 diocesis
1123 2214 1398 2273 oriundus⁶,
1421 2231 1532 2280 pre

162 2357 196 2394 ἱ.
217 2355 277 2394 Cf.
297 2356 501 2395 Anciennes
521 2357 741 2404 chroniquos
759 2356 802 2393 do
824 2357 984 2393 flandra
1004 2357 1156 2403 (Hister.
1177 2357 1220 2393 de
1239 2357 1317 2402 Fra,
1338 2361 1368 2394 t.
1389 2356 1529 2406 XXII,

112 2427 151 2464 p.
175 2414 274 2463 160),
292 2417 343 2455 οὺ
368 2415 404 2453 le
424 2415 521 2454 tecit
545 2421 606 2454 est
624 2415 735 2465 place
761 2426 811 2454 au
830 2415 976 2465 ineptis
998 2414 1046 2452 de
1073 2420 1158 2453 tout
1182 2415 1296 2454 ordre
1319 2416 1528 2455 chronolo-

115 2485 248 2524 gique.

159 2533 196 2572 2.
216 2533 293 2571 Les
310 2533 515 2572 Anciennos
527 2535 656 2572 chron.
672 2535 715 2572 do
727 2534 887 2572 mandre
902 2533 938 2572 le
951 2538 1157 2573 nomment
1174 2546 1184 2572 ι
1200 2547 1219 2570 ι
1233 2533 1274 2573 la
1285 2534 1489 2574 Posterne.
1507 2550 1526 2571 ι

163 2593 198 2631 3.
221 2593 265 2631 14
286 2603 392 2631 mars
412 2592 518 2632 ¹298.

160 2652 195 2689 4.
217 2651 272 2688 Le
292 2652 464 2701 mariage
484 2663 526 2691 se
544 2652 589 2691 fit
607 2657 719 2691 entre
739 2652 774 2690 le
794 2652 816 2690 3
836 2653 928 2690 aoot
947 2657 986 2690 et
1006 2652 1042 2690 le
1061 2652 1085 2690 9
1104 2651 1322 2701 septembre
1342 2652 1447 2691 1299.

161 2711 196 2749 5.
218 2711 406 2759 Thomas,
427 2716 555 2750 comte
573 2711 621 2750 de
639 2712 818 2750 Norfolk.

162 2768 196 2806 6.
219 2768 272 2805 Ce
291 2768 410 2806 detail
429 2780 478 2806 ne
498 2769 621 2818 figure
640 2781 709 2819 pas
729 2770 827 2808 dans
845 2771 903 2808 les
921 2772 1125 2809 Ancimnos
1144 2772 1272 2809 chron.
1294 2772 1522 2809 domnas-0.
