1838 3164
354 283 419 320 188
625 280 996 315 cunouomurms
1024 280 1175 313 amun
1202 279 1479 314 mucetum.
1649 279 1757 325 [1310

356 386 375 410 ι
405 380 460 413 ac
479 366 779 412 conservaret
800 365 963 409 contra
981 375 1146 408 omnes
1171 358 1401 418 homines,
1422 359 1756 427 cujuscumque

355 461 374 485 ι
406 440 662 488 existerent
679 435 1036 502 preeminentie,
1056 434 1297 501 dignitatis
1314 441 1394 485 aut
1412 440 1578 485 status.
1595 436 1757 488 Eidem

355 537 375 563 ι
406 515 614 566 adiciens
628 514 913 581 juramento,
930 511 1059 579 quod
1074 517 1395 562 manuteneret
1413 527 1603 578 semper
1616 519 1758 581 atque

357 614 377 640 ‹
407 596 709 642 conservaret
726 589 967 657 privilegia
985 589 1143 638 omnia
1162 605 1248 655 per
1267 588 1628 654 predecessores
1645 606 1759 642 suos

357 691 377 717 ι
407 686 544 737 reges
585 669 822 719 Romanos
854 684 911 717 ac
950 667 1299 734 impera[tores]
1340 666 1523 732 prefate
1562 684 1758 720 romane

355 767 375 793 ‹
406 746 611 797 Ecclesie
654 762 708 795 ac
750 745 852 795 aliis
893 743 1181 811 quibuslibet
1219 744 1428 794 ecclesiis
1460 761 1760 812 quocumque

356 846 376 871 ‹
409 840 631 874 concessa
653 830 869 888 tempore
888 828 937 871 et
953 822 1237 871 continentie
1258 823 1610 889 cujuscumque.
1634 827 1761 890 lpss-

356 922 376 947 ‹
407 918 499 968 que
518 900 694 958 omnia,
718 898 985 965 specialiter
1003 914 1059 947 ac
1082 899 1307 965 precipue
1325 915 1413 965 per
1433 899 1557 949 clare
1581 916 1761 950 memo-

357 998 376 1023 «
408 977 476 1026 rie
518 976 889 1033 Constantinum,
931 974 1172 1031 Karolum,
1212 976 1482 1036 Henricum,
1528 977 1760 1028 Othonem

355 1075 375 1099 ι
407 1059 645 1119 quartum,
676 1051 977 1101 Fredericum
1005 1051 1265 1102 secundum
1291 1058 1433 1119 atque
1462 1053 1760 1121 Radulphum

356 1152 375 1177 ‹
407 1130 769 1197 predecessores
803 1128 968 1194 ipsius,
1007 1144 1152 1194 super
1187 1129 1507 1188 concessione,
1546 1130 1761 1198 recogni-

356 1228 375 1254 ‹
406 1208 550 1266 tione,
583 1206 880 1263 advoatione‚
915 1205 1192 1292 quittatione
1223 1222 1279 1256 ac
1308 1205 1455 1257 libera
1488 1206 1760 1259 dimissione

355 1306 373 1330 ι
407 1291 642 1334 terrarum
661 1289 710 1333 et
730 1282 1081 1349 provinciarum
1105 1298 1302 1333 romane
1320 1283 1545 1343 Ecclesie,
1567 1282 1762 1335 ubilibet

355 1382 375 1408 ι
409 1361 686 1427 positarum,
706 1376 907 1425 quarum
926 1359 1068 1409 etiam
1087 1359 1257 1410 multas
1276 1360 1552 1411 nominatim
1565 1377 1762 1427 expres-

355 1458 374 1484 «
407 1438 468 1487 sit
509 1436 616 1487 Sedi
658 1436 914 1503 apostolice
958 1436 1261 1503 romanisque
1306 1437 1631 1503 pontificibus,
1670 1438 1760 1488 sub

357 1536 376 1561 ι
408 1530 706 1581 quocumque
732 1519 896 1563 tenore
926 1529 1168 1571 concessa,
1197 1514 1490 1581 recognovit,
1511 1515 1761 1566 confirma-

357 1611 377 1636 «
408 1591 478 1639 vit
501 1596 548 1639 et
574 1606 633 1639 ex
658 1595 786 1640 certa
814 1590 1006 1640 scientia
1031 1590 1272 1640 innovavit
1295 1607 1350 1641 ac
1373 1591 1516 1641 etiam
1545 1591 1606 1642 de
1636 1608 1761 1643 novo

357 1688 377 1714 ‹
408 1668 654 1717 concessit.
677 1670 735 1716 Et
753 1672 907 1717 terras
928 1667 1057 1734 ipsas
1077 1674 1219 1733 atque
1246 1669 1512 1734 provincias
1532 1684 1761 1737 recogno·

357 1766 377 1791 ‹
409 1746 476 1795 vit
500 1744 559 1794 ad
573 1745 652 1811 jus
671 1750 720 1793 et
742 1745 1081 1810 proprietatem
1099 1745 1303 1795 Ecclesie
1328 1746 1567 1811 pertinere
1586 1746 1761 1813 plenis-

357 1842 377 1867 «
409 1822 542 1881 sime,
579 1838 752 1887 easque
787 1821 1113 1871 nichilominus
1149 1821 1499 1872 exhabundanti
1534 1822 1597 1872 de
1634 1839 1761 1873 novo

355 1918 375 1943 ‹
407 1898 608 1947 Ecclesie
637 1897 847 1963 sepefate
866 1898 1079 1956 donavit,
1109 1897 1200 1948 sub
1226 1898 1442 1964 predicto
1469 1916 1521 1949 se
1547 1899 1761 1967 obligans

355 1994 375 2020 ‹
402 1975 689 2040 juramento,
709 1973 838 2039 quod
859 1974 988 2040 ipsas
1003 1975 1079 2024 vel
1096 1975 1299 2041 aliquam
1319 1976 1530 2042 ipsorum
1552 1982 1756 2043 partem,

356 2071 376 2096 ι
408 2051 534 2100 nullo
559 2067 769 2116 unquam
794 2057 1011 2117 tempore
1038 2058 1311 2118 occuparet,
1336 2070 1436 2111 seu,
1460 2059 1688 2118 quantum
1713 2053 1759 2104 in

357 2148 378 2173 ι
408 2143 465 2176 eo
483 2132 624 2185 esset,
649 2127 946 2193 permitteret
964 2128 1206 2193 occupari,
1228 2145 1316 2179 nec
1339 2129 1387 2178 in
1414 2130 1482 2179 eis
1502 2146 1586 2180 seu
1607 2130 1760 2198 aliqua

358 2224 378 2250 ‹
409 2210 543 2269 parte
571 2205 781 2269 ipsarum
800 2204 907 2270 jura
933 2204 1104 2270 aliqua,
1127 2207 1449 2271 possessiones
1472 2213 1554 2256 aut
1575 2213 1760 2258 tenutas

359 2303 379 2327 ‹
409 2282 602 2331 haberet
638 2298 719 2331 seu
759 2281 1113 2348 quomodolibet
1150 2283 1430 2349 possideret,
1475 2300 1564 2334 nec
1602 2284 1650 2333 in
1691 2285 1761 2335 eis

359 2379 379 2404 ‹
411 2359 551 2408 etiam
579 2359 834 2424 potestat-ie
859 2375 944 2409 seu
966 2359 1172 2426 cujusvis
1198 2361 1428 2426 capitanie
1451 2361 1658 2411 officium
1679 2360 1761 2412 aut

359 2453 379 2479 ‹
404 2434 780 2500 jurisdictionem
811 2450 1155 2501 quamcumque
1186 2452 1275 2501 per
1307 2453 1358 2485 se
1389 2437 1463 2486 vel
1498 2453 1587 2502 per
1617 2437 1760 2487 alium

360 2531 379 2554 ι
411 2517 671 2571 exerceret,
697 2511 922 2576 quodque
945 2517 998 2561 ut
1019 2511 1242 2577 princeps
1265 2513 1520 2563 catholicus
1544 2519 1594 2563 et
1624 2530 1760 2580 sepe-

362 2587 534 2636 ‹dicte
553 2588 756 2637 Ecclesie
771 2588 1026 2638 advocatus
1043 2594 1184 2653 atque
1204 2589 1441 2648 defensor,
1464 2591 1615 2656 ipsam
1623 2590 1760 2656 juva-

362 2670 488 2712 «.ret
522 2671 570 2713 et
607 2665 811 2714 consiliis
849 2671 897 2714 et
928 2665 1111 2715 auxiliis
1146 2666 1210 2715 illi
1240 2667 1479 2717 assisteret
1513 2668 1759 2733 oportunis

365 2759 385 2785 ι
416 2731 576 2790 contra
602 2759 924 2807 quoscumque
947 2742 1269 2793 inobedientes
1293 2750 1341 2793 et
1361 2745 1559 2794 rebelles
1581 2744 1753 2804 eidem,
