1838 3164
328 283 373 321 40
597 279 967 315 cunouocnumu
993 278 1145 312 RBGU!
1171 275 1450 311 ΜΟΟΙΙῙΙ.
1512 271 1734 320 [Um-¹292

390 365 463 414 Hii
488 379 602 413 vero
617 377 711 411 non
731 360 929 410 multum
948 365 1075 426 post,
1095 357 1291 408 consilio
1307 356 1494 406 illorum
1512 355 1574 407 de
1590 357 1734 416 Quin-

325 458 417 508 que
428 439 645 491 Portibus
653 437 834 504 Anglie‚
847 437 956 487 inde
970 434 1310 502 querimoniam
1324 447 1457 483 uiam
1466 432 1738 483 Eduardo

324 518 425 585 regi
449 516 613 583 Anglie
636 514 956 573 ostendentes,
984 518 1036 563 ut
1055 513 1123 562 eis
1147 510 1480 579 provideretur
1502 508 1564 559 de
1585 524 1740 559 reme-

325 595 405 644 dio
429 593 733 660 suplicarunt.
768 591 855 651 Qui
885 590 1117 641 concessit
1146 590 1215 640 eis
1242 588 1390 655 quod,
1417 602 1526 636 cum
1549 592 1739 652 tempus

324 677 612 738 oportunum
635 669 847 727 haberet,
877 685 945 726 se,
969 666 1229 718 secundum
1255 681 1397 732 posse
1421 679 1578 723 suurn,
1605 662 1669 714 do
1689 668 1741 714 et

325 765 470 816 super
499 747 774 814 Flamingis,
809 745 1022 803 Francis,
1054 743 1336 795 Normannis
1364 741 1663 808 Picus-disque
1690 746 1739 792 ct

325 826 700 891 quibuscumque
723 823 825 874 aliis
849 841 876 872 a
895 822 1068 888 quibus
1092 821 1160 872 sic
1182 819 1501 887 dampnificati
1532 835 1589 869 ae
1617 817 1741 886 inju-

325 902 430 951 riati
441 908 593 960 erant,
606 899 922 950 vindicarent¹
931 935 943 948 .
956 899 1125 964 Sicque
1133 898 1213 948 tali
1227 897 1490 955 occasione,
1508 911 1595 962 per
1608 911 1741 946 mare

325 993 496 1044 guerra
519 976 694 1042 incepit
717 992 842 1024 anno
867 979 1116 1040 prenotato
1133 973 1355 1023 videlicet
1376 971 1517 1023 u⁰cc⁰
1534 986 1742 1038 nonage-

327 1054 464 1112 simo,
492 1052 619 1103 unde
644 1052 778 1118 plura
803 1051 1009 1116 dampna
1032 1056 1175 1115 atque
1199 1048 1497 1099 incommoda
1526 1047 1743 1114 personis

326 1131 461 1197 regni
484 1129 676 1179 Francie
701 1133 864 1194 postea
889 1127 1207 1177 acciderunt².

389 1210 606 1256 Preterea
642 1222 758 1255 vcro
790 1204 1105 1263 Edowardus,
1139 1203 1399 1270 Anglorum
1429 1218 1534 1260 rex,
1575 1201 1742 1252 videns

326 1283 456 1349 quod
487 1283 534 1331 in
569 1298 718 1348 regno
750 1285 1063 1340 Francorum,
1098 1280 1158 1330 de
1192 1279 1336 1329 terris
1366 1294 1460 1344 que
1486 1294 1607 1329 avus
1638 1278 1742 1346 ejus

326 1360 558 1410 Johannes
570 1358 771 1408 condam
782 1358 1043 1424 Anglorum
1055 1374 1141 1407 rex
1155 1355 1445 1423 perdiderat,
1460 1354 1637 1420 aliquid
1649 1354 1741 1406 nihi
1797 1397 1802 1407 .

326 1436 570 1501 acquirere
597 1441 646 1484 et
675 1435 886 1501 Philippo
910 1435 1029 1501 regi,
1061 1435 1108 1482 vi
1139 1449 1400 1493 armorum,
1430 1432 1617 1498 eripere
1647 1448 1743 1483 non

327 1518 530 1578 poterat,
555 1511 703 1577 quod,
724 1517 777 1561 ut
792 1511 1053 1569 dicebatur,
1072 1510 1285 1576 optabat,
1314 1509 1401 1559 nisi
1427 1509 1602 1561 auxilio
1623 1524 1747 1577 quq

328 1589 547 1640 rumdam
585 1589 818 1638 baronum
851 1589 1142 1655 gallicorum,
1176 1594 1430 1654 propterea
1465 1587 1746 1654 episcopum

328 1666 679 1716 Linconiensem
711 1672 761 1715 et
790 1665 1014 1715 comitem
1044 1665 1106 1715 de
1138 1665 1410 1723 Garennis⁸,
1438 1680 1548 1714 cum
1575 1663 1745 1714 litteris

328 1743 583 1802 credentie,
612 1742 739 1791 misit
761 1742 808 1791 in
835 1742 1102 1792 Flandriam
1126 1741 1186 1791 ad
1211 1742 1491 1799 Guidonem,
1519 1741 1741 1791 comitem

328 1819 563 1878 Flandrie,
606 1819 764 1884 ipsum
800 1835 975 1885 rogans
1022 1819 1296 1868 affectanter
1336 1818 1557 1883 quatinus
1597 1817 1742 1867 filiam

329 1913 485 1954 suam,
524 1896 713 1945 nomine
746 1896 1029 1961 Philippam,
1068 1895 1267 1960 Philippi
1296 1895 1424 1961 regis
1456 1899 1743 1945 Francorum

328 1973 542 2032 filiolam,
574 1973 663 2022 sibi
696 1972 832 2021 daret
863 1972 910 2021 iu
947 1988 1146 2021 uxorem
1178 1978 1225 2021 et
1255 1972 1385 2037 quod
1414 1989 1502 2037 per
1532 1973 1744 2038 prefatos

328 2050 657 2099 embaxatores
675 2066 787 2099 suos
810 2049 859 2098 in
882 2049 1095 2116 Angliam
1115 2049 1205 2098 sibi
1222 2049 1434 2099 mitteret
1452 2049 1745 2116 desponsan-

329 2126 438 2176 dam
462 2128 576 2176 etin
600 2127 814 2193 reginam
841 2126 1007 2192 Anglie
1037 2126 1374 2176 coronandam.
1402 2130 1586 2177 Mortua
1615 2126 1744 2176 enim

377 2287 412 2323 1.
432 2285 487 2323 Cf.
510 2285 534 2322 a
553 2296 599 2324 ce
618 2285 720 2334 suiet
738 2285 778 2323 la
795 2285 909 2323 lettre
928 2284 977 2323 de
994 2285 1142 2334 plainte
1162 2296 1238 2335 que
1251 2285 1430 2334 Philippe
1443 2285 1479 2322 le
1494 2284 1564 2323 Bel
1584 2284 1744 2323 adressa

329 2344 353 2380 a
371 2334 552 2381 Edouard
571 2343 635 2381 1·=·.
659 2344 836 2393 (nymer,
858 2346 1014 2387 maora,
1041 2344 1102 2382 ed.
1133 2345 1238 2392 18¹6,
1259 2349 1289 2381 t.
1310 2344 1344 2392 1,
1362 2344 1402 2382 2·
1418 2345 1557 2393 partio,
1582 2355 1621 2393 p.
1642 2344 1742 2393 ⁷93.)

376 2404 412 2440 2.
440 2404 541 2440 Tout
568 2408 630 2441 eet
655 2403 810 2452 episode
838 2408 898 2442 est
922 2404 1036 2453 passe
1066 2414 1159 2442 sous
1189 2404 1335 2442 silence
1362 2415 1433 2454 par
1458 2405 1514 2442 les
1538 2406 1744 2443 Audemus

330 2463 548 2509 chroniques
566 2464 609 2499 de
628 2465 800 2501 Flandrs.
824 2465 974 2511 (Hister.
994 2465 1038 2500 de
1054 2465 1130 2508 Fr„
1152 2467 1183 2500 t.
1206 2463 1345 2511 XXII,
1364 2475 1402 2512 p.
1424 2464 1522 2510 352.)

379 2522 413 2559 3.
435 2521 545 2559 Dans
578 2523 634 2559 les
662 2525 868 2560 ancisum
898 2524 1118 2570 chronique:
1146 2524 1190 2560 da
1221 2525 1382 2561 mandre
1410 2525 1564 2566 (Histor.
1592 2524 1636 2561 da
1662 2525 1739 2568 Fr..

331 2587 359 2618 t.
380 2581 519 2630 XXII,
538 2593 577 2630 p.
599 2582 666 2620 352
686 2588 727 2620 et
745 2582 845 2629 353),
863 2582 893 2620 il
917 2588 978 2621 est
1003 2583 1225 2632 &galement
1244 2582 1314 2620 fait
1339 2582 1509 2620 allusion
1526 2582 1551 2620 a.
1566 2582 1742 2632 l'evsqus

331 2639 379 2677 de
410 2653 426 2675 ι
455 2640 631 2679 Lincolle
657 2655 674 2676 ι
703 2647 743 2679 et
768 2653 818 2679 au
846 2641 1030 2691 seigneur
1055 2642 1103 2681 de
1131 2656 1147 2677 ι
1175 2642 1379 2690 Grenesie,
1400 2656 1418 2676 ι
1445 2641 1741 2680 denomination

333 2698 590 2748 s’appliquant
607 2700 631 2737 a.
649 2700 781 2738 Othon
798 2701 846 2739 de
864 2701 1049 2739 Gramion
1067 2702 1147 2751 qui,
1167 2701 1259 2739 bien
1277 2713 1353 2750 que
1373 2702 1623 2751 simplement
1640 2713 1738 2751 gou-

333 2768 515 2807 verneur,
536 2770 559 2796 a
578 2765 743 2797 souvent
762 2761 871 2808 porte
891 2760 928 2798 le
946 2760 1036 2798 titre
1053 2761 1100 2799 de
1120 2761 1304 2810 seigneur
1321 2761 1369 2799 de
1387 2762 1631 2810 Guernesey.
