1838 3164
379 285 446 323 106
659 284 1033 320 cunououurnu
1058 284 1210 318 noun
1235 282 1515 318 MNGORUU.
1678 280 1786 329 [lm

375 367 465 418 sibi
495 364 820 415 auxiliandum
849 370 1177 422 evocaverant,
1205 371 1254 413 et
1281 363 1532 414 Henricum
1561 363 1621 414 de
1642 365 1788 414 Nana-

373 443 490 492 ceio.
512 446 607 493 Hos
631 441 804 492 milites
822 442 1075 500 lohannes,
1096 457 1257 491 comes
1283 440 1510 499 Hanonie,
1536 440 1612 490 eui
1636 456 1788 506 nuper

375 537 459 586 per
489 525 694 570 mortem
727 519 914 586 nepotis
945 521 1016 570 sui
1049 519 1235 570 comitis
1266 517 1511 573 Bolandie.
1540 517 1786 576 Bolanis,

373 596 585 647 Zelandia
607 601 659 646 et
679 595 885 662 quedam
907 596 996 646 alie
1019 602 1146 646 terre
1170 596 1485 652 obvenerant,
1504 593 1567 644 de
1587 593 1788 645 hiisdem

373 673 514 723 terris
546 673 756 723 bannivit
779 679 829 724 et
851 673 1135 740 generaliter
1158 672 1220 723 de
1244 672 1372 722 omni
1405 670 1512 721 loco
1542 670 1791 737 potestatis

372 766 457 800 sue
480 749 685 817 fugavit3
714 750 856 800 ambo
888 750 1016 800 enim
1050 757 1187 799 erant
1222 748 1449 799 banssarii
1482 753 1532 798 et
1566 747 1614 797 in
1644 747 1791 799 armis

372 827 572 878 multum
607 827 793 893 experti
830 845 840 875 ε
877 843 985 876 nam
1020 826 1080 876 de
1110 826 1362 893 Flamingis
1401 825 1610 875 fecerant
1645 839 1790 876 unam

372 903 519 954 aciem
534 919 677 968 quam
692 902 1045 959 ordinaverant,
1061 908 1115 952 ut
1125 902 1319 967 quidam
1334 902 1516 960 dicunt,
1530 901 1578 951 in
1591 899 1790 952 modum

372 980 516 1040 scuti,
554 985 782 1045 punctum
820 995 987 1029 versus
1024 982 1258 1037 Francos;
1293 995 1417 1044 quos
1445 978 1640 1044 quidem
1672 976 1788 1044 qnid

372 1057 521 1107 acturi
545 1062 702 1106 essent
729 1056 968 1122 sapienter
993 1055 1263 1114 edocentes,
1290 1055 1491 1121 qualiter
1513 1055 1718 1106 debeant
1741 1061 1791 1106 et

372 1133 594 1183 invadere
619 1139 669 1183 et
691 1134 911 1183 resistere
934 1132 1169 1182 edicunt¹.

435 1209 503 1259 lbi
526 1209 699 1259 etenim
720 1225 806 1275 per
824 1209 1088 1259 Guidonem
1109 1208 1170 1257 de
1189 1205 1440 1258 Namureio
1464 1206 1656 1258 fuerunt
1678 1207 1791 1258 novi

371 1286 542 1336 milites
571 1286 679 1335 facti
712 1301 863 1352 nepos
895 1285 1016 1351 ejus,
1050 1284 1323 1336 Guillelmus
1355 1283 1416 1334 de
1450 1283 1649 1343 sunnon,
1681 1299 1793 1335 cum

370 1362 653 1429 quibusdam
670 1362 771 1412 aliis
787 1362 1025 1412 nobilibus
1041 1368 1089 1411 et
1104 1364 1272 1411 Petrus
1292 1366 1607 1428 cognomento
1622 1361 1788 1421 Gonin,

369 1442 481 1491 alias
495 1441 653 1507 Regis,
665 1457 774 1490 cum
790 1440 1077 1506 quibusdam
1094 1440 1197 1490 aliis
1213 1438 1548 1526 burgensibus.
1563 1438 1792 1508 Flamingi

369 1534 485 1566 vero
499 1523 635 1567 erant
646 1517 848 1583 pedites,
863 1523 911 1567 et
923 1533 1094 1567 omnes
1111 1516 1312 1574 nobiles,
1330 1515 1538 1581 quicum
1552 1516 1623 1567 eis
1634 1521 1787 1577 erant,

370 1594 437 1643 sic
461 1609 514 1642 se
538 1598 796 1658 posuerant
818 1592 1001 1658 absque
1027 1592 1180 1657 equis,
1204 1591 1282 1641 vel
1299 1592 1465 1650 vitam,
1486 1591 1563 1641 vel
1585 1598 1792 1642 mian

370 1669 603 1719 unasimul
623 1674 945 1735 expectantes,
967 1668 1180 1735 exceptis
1197 1667 1287 1717 illis
1305 1667 1494 1718 duobus
1509 1667 1572 1718 de
1585 1670 1791 1719 Renessa

370 1751 418 1794 et
446 1745 508 1794 de
537 1747 798 1810 Nansceyo‚
832 1744 913 1810 qui
943 1761 1028 1794 eos
1062 1743 1401 1794 ordinaverant
1429 1749 1479 1793 et
1507 1742 1794 1809 quibusdam

370 1837 480 1870 cum
504 1838 590 1870 eis.

434 1901 646 1958 Quorum
686 1897 945 1947 manet-iem
985 1897 1334 1964 prospicientes
1370 1898 1630 1949 marescalli
1662 1905 1793 1950 retu-

367 1977 523 2025 lerunt
551 1991 644 2040 que
682 1975 917 2025 viderant.
967 1979 1018 2025 ln
1054 1974 1278 2026 cordibus
1307 1992 1423 2025 vero
1458 1975 1792 2028 nonnullorum

368 2056 655 2101 Francorum
680 2051 802 2101 male
827 2051 1023 2102 sedebat
1054 2052 1185 2117 quod
1217 2052 1397 2102 nullum
1420 2069 1657 2118 equorum
1686 2053 1792 2104 hin-

368 2129 517 2178 nitum
542 2128 591 2177 in
618 2133 722 2177 toto
753 2128 965 2178 exercitu
995 2145 1102 2187 suo,
1130 2128 1179 2177 in
1208 2145 1306 2194 quo
1337 2136 1473 2178 erant
1504 2130 1612 2195 plus
1643 2146 1788 2196 quam

368 2214 461 2256 xum
480 2221 730 2271 equorum,
748 2205 848 2271 jam
872 2205 993 2270 lapsi
1017 2211 1153 2254 erant
1172 2204 1338 2256 decem
1362 2205 1481 2266 dies,
1503 2205 1750 2259 audierant
1771 2225 1784 2257 z

367 2282 494 2332 unde
520 2281 776 2348 stupebant
797 2288 847 2332 et
871 2282 1229 2332 admirabantur
1250 2283 1385 2332 multi
1399 2285 1438 2332 ².

368 2424 392 2450 a
416 2412 546 2451 releva
570 2412 765 2460 plusieurs
789 2412 863 2450 fois
889 2422 962 2450 son
987 2422 1082 2450 nom
1104 2411 1204 2450 dans
1229 2412 1391 2461 Rymer.
1414 2413 1475 2451 De
1500 2414 1587 2452 leur
1608 2414 1710 2463 eote,
1731 2414 1790 2454 lss

367 2471 529 2508 Annales
549 2472 754 2510 Gandonses
766 2469 911 2518 (Pei-ts,
929 2470 1151 2517 Scriptores,
1164 2475 1196 2508 t.
1211 2471 1327 2519 XVI,
1341 2482 1378 2520 p.
1397 2472 1480 2519 578)
1491 2471 1623 2510 disent
1638 2471 1687 2511 de
1704 2472 1786 2511 lui:

370 2541 386 2563 ι
407 2529 582 2566 Johanes
601 2529 649 2566 de
668 2528 855 2576 Ranisse,
875 2528 1172 2568 valentissimus
1189 2534 1231 2567 et
1251 2529 1488 2568 fortissimus
1505 2530 1634 2569 milas.
1656 2544 1675 2567 s

416 2589 449 2625 1.
473 2587 536 2626 On
555 2588 621 2626 n’a
638 2599 710 2637 pas
729 2589 942 2627 rencontre
963 2588 1123 2626 aillaurs
1141 2598 1188 2627 ce
1209 2589 1325 2637 tecit,
1346 2589 1413 2638 qui
1430 2590 1621 2638 paraiten
1638 2600 1790 2629 somme

369 2647 558 2685 attribuer
575 2648 614 2684 la
626 2647 791 2686 victoira
810 2648 881 2686 des
899 2647 1115 2686 Flamands
1137 2659 1215 2686 aux
1229 2648 1481 2697 dispositions
1499 2649 1624 2698 prinas
1641 2660 1791 2698 parces

369 2707 471 2745 deux
491 2707 709 2756 seigneur-s.

417 2766 453 2803 2.
477 2766 588 2804 Cette
609 2766 880 2815 particularite
899 2779 924 2805 a
943 2767 1005 2805 eto
1025 2767 1133 2806 seule
1154 2767 1306 2806 relevee
1325 2779 1395 2816 par
1413 2768 1451 2806 la
1471 2769 1682 2815 Chroniqu
1698 2779 1791 2807 nor-
