<?xml version="1.0" encoding="UTF-8"?>
<!DOCTYPE html PUBLIC "-//W3C//DTD XHTML 1.0 Transitional//EN"
    "http://www.w3.org/TR/xhtml1/DTD/xhtml1-transitional.dtd">
<html xmlns="http://www.w3.org/1999/xhtml" xml:lang="en" lang="en">
 <head>
  <title>
</title>
<meta http-equiv="Content-Type" content="text/html;charset=utf-8" />
  <meta name='ocr-system' content='tesseract 3.04.00' />
  <meta name='ocr-capabilities' content='ocr_page ocr_carea ocr_par ocr_line ocrx_word'/>
</head>
<body>
  <div class='ocr_page' id='page_1' title='image "./chronographiareg01mora_0258.png"; bbox 0 0 1838 3164; ppageno 0'>
   <div class='ocr_carea' id='block_1_1' title="bbox 302 291 1698 338">
    <p class='ocr_par' dir='ltr' id='par_1_1' title="bbox 302 291 1698 338">
     <span class='ocr_line' id='line_1_1' title="bbox 302 291 1698 338; baseline -0.002 -6"><span class='ocrx_word' id='word_1_1' title='bbox 302 294 371 332; x_wconf 71' lang='lat'><strong>2⁴8</strong></span> <span class='ocrx_word' id='word_1_2' title='bbox 574 292 945 327; x_wconf 65' lang='lat' dir='ltr'><strong>cunonomuruu</strong></span> <span class='ocrx_word' id='word_1_3' title='bbox 972 291 1124 325; x_wconf 69' lang='lat' dir='ltr'><strong>amun</strong></span> <span class='ocrx_word' id='word_1_4' title='bbox 1149 292 1428 327; x_wconf 69' lang='lat' dir='ltr'><strong>munuum.</strong></span> <span class='ocrx_word' id='word_1_5' title='bbox 1590 291 1698 338; x_wconf 71' lang='lat'>[¹2¹9</span> 
     </span>
    </p>
   </div>
   <div class='ocr_carea' id='block_1_2' title="bbox 290 368 1702 1810">
    <p class='ocr_par' dir='ltr' id='par_1_2' title="bbox 295 368 1701 818">
     <span class='ocr_line' id='line_1_2' title="bbox 364 368 1698 436; baseline 0.001 -15"><span class='ocrx_word' id='word_1_6' title='bbox 364 372 586 422; x_wconf 80' lang='lat' dir='ltr'>Dominus</span> <span class='ocrx_word' id='word_1_7' title='bbox 609 375 765 419; x_wconf 87' lang='lat' dir='ltr'><strong>autem</strong></span> <span class='ocrx_word' id='word_1_8' title='bbox 789 368 849 418; x_wconf 88' lang='lat' dir='ltr'><strong>de</strong></span> <span class='ocrx_word' id='word_1_9' title='bbox 872 369 1066 419; x_wconf 79' lang='lat' dir='ltr'><strong>Fiennes</strong></span> <span class='ocrx_word' id='word_1_10' title='bbox 1092 386 1184 419; x_wconf 88' lang='lat' dir='ltr'><strong>non</strong></span> <span class='ocrx_word' id='word_1_11' title='bbox 1204 369 1423 436; x_wconf 81' lang='lat' dir='ltr'><strong>dignatus</strong></span> <span class='ocrx_word' id='word_1_12' title='bbox 1442 376 1516 421; x_wconf 84' lang='lat' dir='ltr'><strong>est</strong></span> <span class='ocrx_word' id='word_1_13' title='bbox 1539 373 1698 423; x_wconf 83' lang='lat' dir='ltr'><strong>venire</strong></span> 
     </span>
     <span class='ocr_line' id='line_1_3' title="bbox 297 444 1698 512; baseline 0 -14"><span class='ocrx_word' id='word_1_14' title='bbox 297 449 356 498; x_wconf 91' lang='lat' dir='ltr'><strong>ad</strong></span> <span class='ocrx_word' id='word_1_15' title='bbox 386 448 558 497; x_wconf 85' lang='lat' dir='ltr'><strong>dietam</strong></span> <span class='ocrx_word' id='word_1_16' title='bbox 589 462 748 503; x_wconf 77' lang='lat' dir='ltr'><strong>suam3</strong></span> <span class='ocrx_word' id='word_1_17' title='bbox 782 444 906 496; x_wconf 90' lang='lat' dir='ltr'><strong>unde</strong></span> <span class='ocrx_word' id='word_1_18' title='bbox 936 446 1046 496; x_wconf 75' lang='lat' dir='ltr'><strong>fecit</strong></span> <span class='ocrx_word' id='word_1_19' title='bbox 1076 445 1209 512; x_wconf 85' lang='lat' dir='ltr'><strong>pejus</strong></span> <span class='ocrx_word' id='word_1_20' title='bbox 1239 462 1382 511; x_wconf 85' lang='lat' dir='ltr'><strong>quam</strong></span> <span class='ocrx_word' id='word_1_21' title='bbox 1412 454 1537 498; x_wconf 83' lang='lat' dir='ltr'><strong>ante.</strong></span> <span class='ocrx_word' id='word_1_22' title='bbox 1565 449 1698 509; x_wconf 88' lang='lat' dir='ltr'><strong>Quod</strong></span> 
     </span>
     <span class='ocr_line' id='line_1_4' title="bbox 295 520 1698 588; baseline -0.001 -14"><span class='ocrx_word' id='word_1_23' title='bbox 295 540 402 574; x_wconf 85' lang='lat' dir='ltr'><strong>cum</strong></span> <span class='ocrx_word' id='word_1_24' title='bbox 435 522 640 572; x_wconf 73' lang='lat' dir='ltr'>audisset</span> <span class='ocrx_word' id='word_1_25' title='bbox 673 537 776 579; x_wconf 85' lang='lat' dir='ltr'><strong>rex,</strong></span> <span class='ocrx_word' id='word_1_26' title='bbox 810 520 930 571; x_wconf 80' lang='lat' dir='ltr'>dixit</span> <span class='ocrx_word' id='word_1_27' title='bbox 960 521 1332 572; x_wconf 76' lang='lat' dir='ltr'><strong>conestabulario</strong></span> <span class='ocrx_word' id='word_1_28' title='bbox 1363 523 1493 588; x_wconf 90' lang='lat' dir='ltr'><strong>quod</strong></span> <span class='ocrx_word' id='word_1_29' title='bbox 1529 523 1698 573; x_wconf 81' lang='lat' dir='ltr'><strong>malam</strong></span> 
     </span>
     <span class='ocr_line' id='line_1_5' title="bbox 296 597 1701 666; baseline -0.001 -16"><span class='ocrx_word' id='word_1_30' title='bbox 296 616 460 666; x_wconf 85' lang='lat' dir='ltr'><strong>paoem</strong></span> <span class='ocrx_word' id='word_1_31' title='bbox 503 598 676 648; x_wconf 79' lang='lat' dir='ltr'><strong>fecerat</strong></span> <span class='ocrx_word' id='word_1_32' title='bbox 714 597 837 647; x_wconf 89' lang='lat' dir='ltr'><strong>inter</strong></span> <span class='ocrx_word' id='word_1_33' title='bbox 879 598 1163 648; x_wconf 80' lang='lat' dir='ltr'><strong>comitissam</strong></span> <span class='ocrx_word' id='word_1_34' title='bbox 1202 597 1400 648; x_wconf 82' lang='lat' dir='ltr'><strong>Artbesii</strong></span> <span class='ocrx_word' id='word_1_35' title='bbox 1438 605 1485 649; x_wconf 92' lang='lat' dir='ltr'><strong>et</strong></span> <span class='ocrx_word' id='word_1_36' title='bbox 1521 599 1701 649; x_wconf 78' lang='lat' dir='ltr'><strong>federa-</strong></span> 
     </span>
     <span class='ocr_line' id='line_1_6' title="bbox 295 670 1699 741; baseline 0 -15"><span class='ocrx_word' id='word_1_37' title='bbox 295 685 386 735; x_wconf 85' lang='lat' dir='ltr'><strong>tos‚</strong></span> <span class='ocrx_word' id='word_1_38' title='bbox 409 675 630 741; x_wconf 81' lang='lat' dir='ltr'><strong>quoniam</strong></span> <span class='ocrx_word' id='word_1_39' title='bbox 657 691 749 724; x_wconf 90' lang='lat' dir='ltr'><strong>non</strong></span> <span class='ocrx_word' id='word_1_40' title='bbox 769 674 1044 725; x_wconf 75' lang='lat' dir='ltr'><strong>desinebant</strong></span> <span class='ocrx_word' id='word_1_41' title='bbox 1069 675 1347 724; x_wconf 79' lang='lat' dir='ltr'>comburere</span> <span class='ocrx_word' id='word_1_42' title='bbox 1370 681 1418 725; x_wconf 91' lang='lat' dir='ltr'><strong>et</strong></span> <span class='ocrx_word' id='word_1_43' title='bbox 1435 670 1699 741; x_wconf 70' lang='lat' dir='ltr'><strong>depredare</strong></span> 
     </span>
     <span class='ocr_line' id='line_1_7' title="bbox 295 752 514 818; baseline -0.009 -14"><span class='ocrx_word' id='word_1_44' title='bbox 295 752 514 818; x_wconf 87' lang='lat' dir='ltr'><strong>patriam.</strong></span> 
     </span>
    </p>

    <p class='ocr_par' dir='ltr' id='par_1_3' title="bbox 290 825 1702 1810">
     <span class='ocr_line' id='line_1_8' title="bbox 358 825 1702 895; baseline 0 -16"><span class='ocrx_word' id='word_1_45' title='bbox 358 828 650 879; x_wconf 71' lang='lat' dir='ltr'><strong>Mareecallus</strong></span> <span class='ocrx_word' id='word_1_46' title='bbox 679 833 852 886; x_wconf 80' lang='lat' dir='ltr'><strong>autem,</strong></span> <span class='ocrx_word' id='word_1_47' title='bbox 880 826 961 891; x_wconf 90' lang='lat' dir='ltr'><strong>qui</strong></span> <span class='ocrx_word' id='word_1_48' title='bbox 986 825 1071 875; x_wconf 81' lang='lat' dir='ltr'><strong>hee</strong></span> <span class='ocrx_word' id='word_1_49' title='bbox 1095 827 1253 877; x_wconf 84' lang='lat' dir='ltr'><strong>retulit</strong></span> <span class='ocrx_word' id='word_1_50' title='bbox 1277 828 1395 895; x_wconf 76' lang='lat' dir='ltr'><strong>regi,</strong></span> <span class='ocrx_word' id='word_1_51' title='bbox 1422 827 1537 879; x_wconf 87' lang='lat' dir='ltr'><strong>dum</strong></span> <span class='ocrx_word' id='word_1_52' title='bbox 1567 834 1702 895; x_wconf 72' lang='lat' dir='ltr'><strong>put·-</strong></span> 
     </span>
     <span class='ocr_line' id='line_1_9' title="bbox 294 901 1701 970; baseline 0 -15"><span class='ocrx_word' id='word_1_53' title='bbox 294 911 367 955; x_wconf 87' lang='lat' dir='ltr'><strong>ret</strong></span> <span class='ocrx_word' id='word_1_54' title='bbox 390 904 581 962; x_wconf 84' lang='lat' dir='ltr'><strong>reverti,</strong></span> <span class='ocrx_word' id='word_1_55' title='bbox 611 902 814 969; x_wconf 89' lang='lat' dir='ltr'><strong>quadam</strong></span> <span class='ocrx_word' id='word_1_56' title='bbox 840 901 1110 952; x_wconf 84' lang='lat' dir='ltr'><strong>infirmitate</strong></span> <span class='ocrx_word' id='word_1_57' title='bbox 1133 910 1382 970; x_wconf 69' lang='lat' dir='ltr'><strong>oon-eptas</strong></span> <span class='ocrx_word' id='word_1_58' title='bbox 1404 911 1495 964; x_wconf 86' lang='lat' dir='ltr'><strong>est,</strong></span> <span class='ocrx_word' id='word_1_59' title='bbox 1522 903 1583 954; x_wconf 93' lang='lat' dir='ltr'><strong>de</strong></span> <span class='ocrx_word' id='word_1_60' title='bbox 1607 921 1701 970; x_wconf 80' lang='lat' dir='ltr'><strong>qua</strong></span> 
     </span>
     <span class='ocr_line' id='line_1_10' title="bbox 294 978 1701 1045; baseline 0.001 -14"><span class='ocrx_word' id='word_1_61' title='bbox 294 980 537 1031; x_wconf 80' lang='lat' dir='ltr'><strong>decessit¹.</strong></span> <span class='ocrx_word' id='word_1_62' title='bbox 568 983 618 1029; x_wconf 87' lang='lat' dir='ltr'><strong>ln</strong></span> <span class='ocrx_word' id='word_1_63' title='bbox 650 979 780 1045; x_wconf 83' lang='lat' dir='ltr'><strong>cujus</strong></span> <span class='ocrx_word' id='word_1_64' title='bbox 811 979 912 1028; x_wconf 83' lang='grc' dir='ltr'>Ιοοο</span> <span class='ocrx_word' id='word_1_65' title='bbox 944 978 1126 1043; x_wconf 85' lang='lat' dir='ltr'><strong>positus</strong></span> <span class='ocrx_word' id='word_1_66' title='bbox 1155 985 1228 1029; x_wconf 85' lang='lat' dir='ltr'><strong>est</strong></span> <span class='ocrx_word' id='word_1_67' title='bbox 1251 980 1470 1031; x_wconf 87' lang='lat' dir='ltr'><strong>dominus</strong></span> <span class='ocrx_word' id='word_1_68' title='bbox 1494 981 1701 1032; x_wconf 71' lang='lat' dir='ltr'><strong>Matbeus</strong></span> 
     </span>
     <span class='ocr_line' id='line_1_11' title="bbox 293 1052 1695 1120; baseline 0 -14"><span class='ocrx_word' id='word_1_69' title='bbox 293 1056 354 1106; x_wconf 90' lang='lat' dir='ltr'><strong>de</strong></span> <span class='ocrx_word' id='word_1_70' title='bbox 382 1055 504 1113; x_wconf 87' lang='lat' dir='ltr'><strong>Tria,</strong></span> <span class='ocrx_word' id='word_1_71' title='bbox 532 1055 613 1120; x_wconf 88' lang='lat' dir='ltr'><strong>qui</strong></span> <span class='ocrx_word' id='word_1_72' title='bbox 641 1054 801 1103; x_wconf 86' lang='lat' dir='ltr'><strong>statim</strong></span> <span class='ocrx_word' id='word_1_73' title='bbox 830 1053 993 1103; x_wconf 90' lang='lat' dir='ltr'><strong>abiens</strong></span> <span class='ocrx_word' id='word_1_74' title='bbox 1019 1052 1080 1103; x_wconf 92' lang='lat' dir='ltr'><strong>ad</strong></span> <span class='ocrx_word' id='word_1_75' title='bbox 1108 1055 1328 1105; x_wconf 78' lang='lat' dir='ltr'><strong>Sanctum</strong></span> <span class='ocrx_word' id='word_1_76' title='bbox 1359 1056 1695 1114; x_wconf 74' lang='lat' dir='ltr'><strong>Audomarum‚</strong></span> 
     </span>
     <span class='ocr_line' id='line_1_12' title="bbox 292 1131 1695 1197; baseline 0 -14"><span class='ocrx_word' id='word_1_77' title='bbox 292 1133 583 1183; x_wconf 79' lang='lat' dir='ltr'><strong>manutenuit</strong></span> <span class='ocrx_word' id='word_1_78' title='bbox 602 1131 777 1182; x_wconf 87' lang='lat' dir='ltr'><strong>ibidem</strong></span> <span class='ocrx_word' id='word_1_79' title='bbox 800 1147 1021 1197; x_wconf 80' lang='lat' dir='ltr'><strong>guerram</strong></span> <span class='ocrx_word' id='word_1_80' title='bbox 1047 1146 1135 1197; x_wconf 86' lang='lat' dir='ltr'><strong>per</strong></span> <span class='ocrx_word' id='word_1_81' title='bbox 1156 1148 1331 1182; x_wconf 85' lang='lat' dir='ltr'><strong>annum</strong></span> <span class='ocrx_word' id='word_1_82' title='bbox 1355 1148 1465 1183; x_wconf 83' lang='lat' dir='ltr'><strong>oum</strong></span> <span class='ocrx_word' id='word_1_83' title='bbox 1482 1133 1695 1191; x_wconf 85' lang='lat' dir='ltr'><strong>dimidio,</strong></span> 
     </span>
     <span class='ocr_line' id='line_1_13' title="bbox 291 1207 1699 1277; baseline 0 -17"><span class='ocrx_word' id='word_1_84' title='bbox 291 1209 665 1275; x_wconf 83' lang='lat' dir='ltr'><strong>conquisivitque</strong></span> <span class='ocrx_word' id='word_1_85' title='bbox 679 1224 823 1273; x_wconf 85' lang='lat' dir='ltr'><strong>super</strong></span> <span class='ocrx_word' id='word_1_86' title='bbox 837 1207 1048 1274; x_wconf 82' lang='lat' dir='ltr'><strong>alligatos</strong></span> <span class='ocrx_word' id='word_1_87' title='bbox 1065 1208 1307 1259; x_wconf 79' lang='lat' dir='ltr'><strong>eastessum</strong></span> <span class='ocrx_word' id='word_1_88' title='bbox 1325 1209 1550 1269; x_wconf 80' lang='lat' dir='ltr'><strong>Rentiaei,</strong></span> <span class='ocrx_word' id='word_1_89' title='bbox 1571 1209 1699 1277; x_wconf 89' lang='lat' dir='ltr'><strong>quod</strong></span> 
     </span>
     <span class='ocr_line' id='line_1_14' title="bbox 291 1283 1700 1352; baseline 0.001 -17"><span class='ocrx_word' id='word_1_90' title='bbox 291 1284 548 1352; x_wconf 85' lang='lat' dir='ltr'><strong>prostravit</strong></span> <span class='ocrx_word' id='word_1_91' title='bbox 560 1284 607 1333; x_wconf 92' lang='lat' dir='ltr'><strong>in</strong></span> <span class='ocrx_word' id='word_1_92' title='bbox 621 1291 795 1334; x_wconf 85' lang='lat' dir='ltr'><strong>terram</strong></span> <span class='ocrx_word' id='word_1_93' title='bbox 808 1303 821 1342; x_wconf 85' lang='lat'>;</span> <span class='ocrx_word' id='word_1_94' title='bbox 833 1283 1003 1333; x_wconf 89' lang='lat' dir='ltr'><strong>deinde</strong></span> <span class='ocrx_word' id='word_1_95' title='bbox 1014 1283 1204 1335; x_wconf 78' lang='lat' dir='ltr'><strong>obsedit</strong></span> <span class='ocrx_word' id='word_1_96' title='bbox 1216 1285 1526 1337; x_wconf 77' lang='lat' dir='ltr'><strong>oesteilumde</strong></span> <span class='ocrx_word' id='word_1_97' title='bbox 1535 1286 1700 1337; x_wconf 81' lang='lat' dir='ltr'><strong>Senin-</strong></span> 
     </span>
     <span class='ocr_line' id='line_1_15' title="bbox 290 1360 1701 1429; baseline 0.002 -17"><span class='ocrx_word' id='word_1_98' title='bbox 290 1363 440 1429; x_wconf 83' lang='lat' dir='ltr'><strong>gehen</strong></span> <span class='ocrx_word' id='word_1_99' title='bbox 450 1363 488 1419; x_wconf 80' lang='lat'><strong>²,</strong></span> <span class='ocrx_word' id='word_1_100' title='bbox 511 1361 640 1427; x_wconf 92' lang='lat' dir='ltr'><strong>quod</strong></span> <span class='ocrx_word' id='word_1_101' title='bbox 659 1361 941 1411; x_wconf 85' lang='lat' dir='ltr'><strong>observabat</strong></span> <span class='ocrx_word' id='word_1_102' title='bbox 958 1360 1179 1411; x_wconf 88' lang='lat' dir='ltr'><strong>dominus</strong></span> <span class='ocrx_word' id='word_1_103' title='bbox 1203 1361 1478 1413; x_wconf 81' lang='lat' dir='ltr'><strong>Edmondus</strong></span> <span class='ocrx_word' id='word_1_104' title='bbox 1494 1362 1556 1413; x_wconf 90' lang='lat' dir='ltr'><strong>de</strong></span> <span class='ocrx_word' id='word_1_105' title='bbox 1578 1366 1701 1415; x_wconf 79' lang='lat' dir='ltr'><strong>Bou-</strong></span> 
     </span>
     <span class='ocr_line' id='line_1_16' title="bbox 291 1438 1699 1512; baseline 0.003 -24"><span class='ocrx_word' id='word_1_106' title='bbox 291 1439 393 1488; x_wconf 87' lang='lat' dir='ltr'><strong>ber.</strong></span> <span class='ocrx_word' id='word_1_107' title='bbox 423 1441 538 1489; x_wconf 88' lang='lat' dir='ltr'><strong>Cum</strong></span> <span class='ocrx_word' id='word_1_108' title='bbox 562 1454 678 1488; x_wconf 85' lang='lat' dir='ltr'><strong>vero</strong></span> <span class='ocrx_word' id='word_1_109' title='bbox 703 1438 830 1489; x_wconf 88' lang='lat' dir='ltr'><strong>idem</strong></span> <span class='ocrx_word' id='word_1_110' title='bbox 854 1438 1155 1489; x_wconf 82' lang='lat' dir='ltr'><strong>marescaiius</strong></span> <span class='ocrx_word' id='word_1_111' title='bbox 1178 1438 1356 1504; x_wconf 80' lang='lat' dir='ltr'><strong>pluries</strong></span> <span class='ocrx_word' id='word_1_112' title='bbox 1379 1440 1699 1512; x_wconf 72' lang='lat' dir='ltr'><strong>impugnasset</strong></span> 
     </span>
     <span class='ocr_line' id='line_1_17' title="bbox 290 1513 1701 1580; baseline 0.002 -16"><span class='ocrx_word' id='word_1_113' title='bbox 290 1516 380 1564; x_wconf 86' lang='lat' dir='ltr'><strong>hoc</strong></span> <span class='ocrx_word' id='word_1_114' title='bbox 404 1520 628 1572; x_wconf 85' lang='lat' dir='ltr'><strong>castrum,</strong></span> <span class='ocrx_word' id='word_1_115' title='bbox 651 1513 714 1563; x_wconf 81' lang='lat' dir='ltr'><strong>ini</strong></span> <span class='ocrx_word' id='word_1_116' title='bbox 733 1513 793 1563; x_wconf 92' lang='lat' dir='ltr'><strong>de</strong></span> <span class='ocrx_word' id='word_1_117' title='bbox 811 1514 931 1563; x_wconf 78' lang='lat' dir='ltr'><strong>infra</strong></span> <span class='ocrx_word' id='word_1_118' title='bbox 949 1530 1038 1580; x_wconf 88' lang='lat' dir='ltr'><strong>per</strong></span> <span class='ocrx_word' id='word_1_119' title='bbox 1055 1521 1241 1565; x_wconf 84' lang='lat' dir='ltr'><strong>noctem</strong></span> <span class='ocrx_word' id='word_1_120' title='bbox 1266 1515 1331 1565; x_wconf 85' lang='lat' dir='ltr'><strong>ita</strong></span> <span class='ocrx_word' id='word_1_121' title='bbox 1354 1515 1554 1566; x_wconf 71' lang='lat' dir='ltr'><strong>latenter</strong></span> <span class='ocrx_word' id='word_1_122' title='bbox 1572 1516 1701 1567; x_wconf 67' lang='lat' dir='ltr'><strong>etie-</strong></span> 
     </span>
     <span class='ocr_line' id='line_1_18' title="bbox 291 1590 1700 1660; baseline 0.003 -20"><span class='ocrx_word' id='word_1_123' title='bbox 291 1597 402 1641; x_wconf 85' lang='lat' dir='ltr'><strong>ruut</strong></span> <span class='ocrx_word' id='word_1_124' title='bbox 414 1591 541 1657; x_wconf 91' lang='lat' dir='ltr'><strong>quod</strong></span> <span class='ocrx_word' id='word_1_125' title='bbox 556 1590 633 1640; x_wconf 87' lang='lat' dir='ltr'><strong>alii</strong></span> <span class='ocrx_word' id='word_1_126' title='bbox 653 1607 748 1640; x_wconf 88' lang='lat' dir='ltr'><strong>non</strong></span> <span class='ocrx_word' id='word_1_127' title='bbox 763 1598 1078 1657; x_wconf 77' lang='lat' dir='ltr'><strong>perceperunt</strong></span> <span class='ocrx_word' id='word_1_128' title='bbox 1096 1608 1180 1640; x_wconf 89' lang='lat' dir='ltr'><strong>eos</strong></span> <span class='ocrx_word' id='word_1_129' title='bbox 1196 1609 1207 1640; x_wconf 76' lang='grc' dir='ltr'>ε</span> <span class='ocrx_word' id='word_1_130' title='bbox 1231 1592 1530 1643; x_wconf 71' lang='lat' dir='ltr'><strong>marescallus</strong></span> <span class='ocrx_word' id='word_1_131' title='bbox 1542 1592 1700 1660; x_wconf 76' lang='lat' dir='ltr'><strong>itaque</strong></span> 
     </span>
     <span class='ocr_line' id='line_1_19' title="bbox 291 1667 1701 1734; baseline 0.001 -16"><span class='ocrx_word' id='word_1_132' title='bbox 291 1674 497 1718; x_wconf 80' lang='lat' dir='ltr'><strong>eastrmn</strong></span> <span class='ocrx_word' id='word_1_133' title='bbox 518 1667 803 1734; x_wconf 82' lang='lat' dir='ltr'><strong>ingrediens,</strong></span> <span class='ocrx_word' id='word_1_134' title='bbox 831 1667 1033 1733; x_wconf 86' lang='lat' dir='ltr'><strong>sumptis</strong></span> <span class='ocrx_word' id='word_1_135' title='bbox 1056 1667 1193 1718; x_wconf 82' lang='lat' dir='ltr'><strong>bonis</strong></span> <span class='ocrx_word' id='word_1_136' title='bbox 1214 1684 1308 1734; x_wconf 92' lang='lat' dir='ltr'><strong>que</strong></span> <span class='ocrx_word' id='word_1_137' title='bbox 1328 1674 1462 1719; x_wconf 76' lang='lat' dir='ltr'><strong>emt</strong></span> <span class='ocrx_word' id='word_1_138' title='bbox 1485 1668 1568 1728; x_wconf 90' lang='lat' dir='ltr'><strong>ibi,</strong></span> <span class='ocrx_word' id='word_1_139' title='bbox 1593 1668 1701 1720; x_wconf 73' lang='lat' dir='ltr'><strong>feeit</strong></span> 
     </span>
     <span class='ocr_line' id='line_1_20' title="bbox 290 1743 994 1810; baseline -0.003 -16"><span class='ocrx_word' id='word_1_140' title='bbox 290 1750 443 1796; x_wconf 83' lang='lat' dir='ltr'><strong>totum</strong></span> <span class='ocrx_word' id='word_1_141' title='bbox 467 1744 703 1810; x_wconf 75' lang='lat' dir='ltr'><strong>prosterni</strong></span> <span class='ocrx_word' id='word_1_142' title='bbox 727 1743 773 1792; x_wconf 90' lang='lat' dir='ltr'><strong>in</strong></span> <span class='ocrx_word' id='word_1_143' title='bbox 798 1750 994 1793; x_wconf 82' lang='lat' dir='ltr'><strong>terram.</strong></span> 
     </span>
    </p>
   </div>
   <div class='ocr_carea' id='block_1_3' title="bbox 290 1887 1699 2232">
    <p class='ocr_par' dir='ltr' id='par_1_4' title="bbox 290 1887 1699 2232">
     <span class='ocr_line' id='line_1_21' title="bbox 291 1887 1698 1939; baseline 0.002 -12"><span class='ocrx_word' id='word_1_144' title='bbox 291 1889 381 1936; x_wconf 87' lang='lat' dir='ltr'><strong>Bel;</strong></span> <span class='ocrx_word' id='word_1_145' title='bbox 402 1889 438 1927; x_wconf 87' lang='lat' dir='ltr'><strong>le</strong></span> <span class='ocrx_word' id='word_1_146' title='bbox 456 1888 626 1937; x_wconf 80' lang='lat' dir='ltr'><strong>premier</strong></span> <span class='ocrx_word' id='word_1_147' title='bbox 647 1893 708 1927; x_wconf 77' lang='lat' dir='ltr'><strong>eet</strong></span> <span class='ocrx_word' id='word_1_148' title='bbox 726 1889 836 1938; x_wconf 69' lang='lat' dir='ltr'><strong>place</strong></span> <span class='ocrx_word' id='word_1_149' title='bbox 857 1899 948 1927; x_wconf 81' lang='lat' dir='ltr'><strong>sous</strong></span> <span class='ocrx_word' id='word_1_150' title='bbox 974 1889 1013 1926; x_wconf 81' lang='lat' dir='ltr'><strong>la</strong></span> <span class='ocrx_word' id='word_1_151' title='bbox 1036 1888 1125 1927; x_wconf 82' lang='lat' dir='ltr'><strong>date</strong></span> <span class='ocrx_word' id='word_1_152' title='bbox 1148 1887 1199 1926; x_wconf 87' lang='lat' dir='ltr'><strong>du</strong></span> <span class='ocrx_word' id='word_1_153' title='bbox 1224 1888 1271 1927; x_wconf 86' lang='grc'><strong>23</strong></span> <span class='ocrx_word' id='word_1_154' title='bbox 1296 1888 1502 1928; x_wconf 70' lang='lat' dir='ltr'><strong>decembre</strong></span> <span class='ocrx_word' id='word_1_155' title='bbox 1526 1890 1632 1939; x_wconf 79' lang='grc'><strong>1322,</strong></span> <span class='ocrx_word' id='word_1_156' title='bbox 1658 1897 1698 1930; x_wconf 82' lang='lat' dir='ltr'><strong>et</strong></span> 
     </span>
     <span class='ocr_line' id='line_1_22' title="bbox 290 1947 1699 1998; baseline 0.001 -12"><span class='ocrx_word' id='word_1_157' title='bbox 290 1948 372 1986; x_wconf 82' lang='lat' dir='ltr'><strong>vise</strong></span> <span class='ocrx_word' id='word_1_158' title='bbox 392 1948 428 1986; x_wconf 88' lang='lat' dir='ltr'><strong>le</strong></span> <span class='ocrx_word' id='word_1_159' title='bbox 449 1953 602 1997; x_wconf 86' lang='lat' dir='ltr'><strong>compte</strong></span> <span class='ocrx_word' id='word_1_160' title='bbox 621 1959 696 1997; x_wconf 85' lang='lat' dir='ltr'><strong>quo</strong></span> <span class='ocrx_word' id='word_1_161' title='bbox 712 1948 752 1997; x_wconf 79' lang='lat' dir='ltr'><strong>ie</strong></span> <span class='ocrx_word' id='word_1_162' title='bbox 772 1948 886 1986; x_wconf 85' lang='lat' dir='ltr'><strong>viens</strong></span> <span class='ocrx_word' id='word_1_163' title='bbox 899 1947 946 1985; x_wconf 87' lang='lat' dir='ltr'><strong>de</strong></span> <span class='ocrx_word' id='word_1_164' title='bbox 966 1948 1163 1992; x_wconf 60' lang='lat' dir='ltr'><strong>resumam</strong></span> <span class='ocrx_word' id='word_1_165' title='bbox 1184 1948 1221 1986; x_wconf 91' lang='lat' dir='ltr'><strong>le</strong></span> <span class='ocrx_word' id='word_1_166' title='bbox 1240 1947 1398 1994; x_wconf 75' lang='lat' dir='ltr'><strong>second,</strong></span> <span class='ocrx_word' id='word_1_167' title='bbox 1421 1951 1599 1998; x_wconf 78' lang='lat' dir='ltr'><strong>rapporte</strong></span> <span class='ocrx_word' id='word_1_168' title='bbox 1618 1949 1643 1987; x_wconf 63' lang='grc' dir='ltr'><strong>ὲ</strong></span> <span class='ocrx_word' id='word_1_169' title='bbox 1660 1949 1699 1988; x_wconf 68' lang='lat' dir='ltr'><strong>la</strong></span> 
     </span>
     <span class='ocr_line' id='line_1_23' title="bbox 290 2006 1698 2057; baseline 0.001 -12"><span class='ocrx_word' id='word_1_170' title='bbox 290 2007 378 2045; x_wconf 87' lang='lat' dir='ltr'><strong>date</strong></span> <span class='ocrx_word' id='word_1_171' title='bbox 408 2006 460 2045; x_wconf 90' lang='lat' dir='ltr'><strong>du</strong></span> <span class='ocrx_word' id='word_1_172' title='bbox 492 2008 535 2045; x_wconf 86' lang='grc'><strong>17</strong></span> <span class='ocrx_word' id='word_1_173' title='bbox 565 2007 664 2045; x_wconf 84' lang='lat' dir='ltr'><strong>avril</strong></span> <span class='ocrx_word' id='word_1_174' title='bbox 698 2007 811 2055; x_wconf 89' lang='grc'><strong>1322,</strong></span> <span class='ocrx_word' id='word_1_175' title='bbox 843 2011 904 2044; x_wconf 84' lang='lat' dir='ltr'><strong>est</strong></span> <span class='ocrx_word' id='word_1_176' title='bbox 926 2006 1029 2044; x_wconf 86' lang='lat' dir='ltr'><strong>ainsi</strong></span> <span class='ocrx_word' id='word_1_177' title='bbox 1061 2017 1186 2057; x_wconf 65' lang='lat' dir='ltr'><strong>eoneu</strong></span> <span class='ocrx_word' id='word_1_178' title='bbox 1218 2019 1228 2044; x_wconf 75' lang='grc' dir='ltr'><strong>ι</strong></span> <span class='ocrx_word' id='word_1_179' title='bbox 1257 2019 1274 2042; x_wconf 78' lang='grc' dir='ltr'>ι</span> <span class='ocrx_word' id='word_1_180' title='bbox 1303 2006 1443 2046; x_wconf 83' lang='lat' dir='ltr'><strong>Petrus</strong></span> <span class='ocrx_word' id='word_1_181' title='bbox 1468 2007 1698 2057; x_wconf 55' lang='lat' dir='ltr'><strong>champiom</strong></span> 
     </span>
     <span class='ocr_line' id='line_1_24' title="bbox 292 2065 1698 2116; baseline 0.003 -14"><span class='ocrx_word' id='word_1_182' title='bbox 292 2080 307 2101; x_wconf 82' lang='grc' dir='ltr'>ι</span> <span class='ocrx_word' id='word_1_183' title='bbox 330 2066 462 2115; x_wconf 82' lang='lat' dir='ltr'><strong>legum</strong></span> <span class='ocrx_word' id='word_1_184' title='bbox 480 2066 737 2114; x_wconf 79' lang='lat' dir='ltr'><strong>professor...,</strong></span> <span class='ocrx_word' id='word_1_185' title='bbox 752 2067 794 2103; x_wconf 89' lang='lat' dir='ltr'><strong>in</strong></span> <span class='ocrx_word' id='word_1_186' title='bbox 814 2066 1179 2115; x_wconf 77' lang='lat' dir='ltr'><strong>recompensatione</strong></span> <span class='ocrx_word' id='word_1_187' title='bbox 1191 2065 1382 2114; x_wconf 77' lang='lat' dir='ltr'><strong>laborum,</strong></span> <span class='ocrx_word' id='word_1_188' title='bbox 1396 2077 1495 2115; x_wconf 82' lang='lat' dir='ltr'><strong>quos</strong></span> <span class='ocrx_word' id='word_1_189' title='bbox 1514 2067 1597 2116; x_wconf 77' lang='lat' dir='ltr'><strong>ipse</strong></span> <span class='ocrx_word' id='word_1_190' title='bbox 1615 2078 1698 2106; x_wconf 61' lang='lat' dir='ltr'><strong>suo</strong></span> 
     </span>
     <span class='ocr_line' id='line_1_25' title="bbox 293 2124 1696 2165; baseline 0.004 -5"><span class='ocrx_word' id='word_1_191' title='bbox 293 2137 310 2159; x_wconf 75' lang='lat' dir='ltr'><em>c</em></span> <span class='ocrx_word' id='word_1_192' title='bbox 331 2125 503 2162; x_wconf 82' lang='lat' dir='ltr'><strong>tinuerat</strong></span> <span class='ocrx_word' id='word_1_193' title='bbox 521 2125 564 2162; x_wconf 89' lang='lat' dir='ltr'><strong>in</strong></span> <span class='ocrx_word' id='word_1_194' title='bbox 582 2129 751 2162; x_wconf 81' lang='lat' dir='ltr'><strong>tractatu</strong></span> <span class='ocrx_word' id='word_1_195' title='bbox 773 2129 812 2163; x_wconf 88' lang='lat' dir='ltr'><strong>et</strong></span> <span class='ocrx_word' id='word_1_196' title='bbox 831 2124 1040 2162; x_wconf 73' lang='lat' dir='ltr'><strong>concordis</strong></span> <span class='ocrx_word' id='word_1_197' title='bbox 1058 2124 1171 2163; x_wconf 79' lang='lat' dir='ltr'><strong>factis</strong></span> <span class='ocrx_word' id='word_1_198' title='bbox 1184 2124 1290 2162; x_wconf 86' lang='lat' dir='ltr'><strong>inter</strong></span> <span class='ocrx_word' id='word_1_199' title='bbox 1307 2125 1548 2163; x_wconf 78' lang='lat' dir='ltr'><strong>comitissam</strong></span> <span class='ocrx_word' id='word_1_200' title='bbox 1567 2125 1696 2165; x_wconf 60' lang='grc' dir='ltr'><strong>Δικτυ-</strong></span> 
     </span>
     <span class='ocr_line' id='line_1_26' title="bbox 292 2182 1695 2232; baseline 0.004 -14"><span class='ocrx_word' id='word_1_201' title='bbox 292 2195 308 2217; x_wconf 81' lang='grc' dir='ltr'>ι</span> <span class='ocrx_word' id='word_1_202' title='bbox 330 2182 533 2220; x_wconf 82' lang='lat' dir='ltr'><strong>batensem</strong></span> <span class='ocrx_word' id='word_1_203' title='bbox 545 2187 585 2220; x_wconf 84' lang='lat' dir='ltr'><strong>et</strong></span> <span class='ocrx_word' id='word_1_204' title='bbox 598 2182 748 2221; x_wconf 84' lang='lat' dir='ltr'><strong>nobiles</strong></span> <span class='ocrx_word' id='word_1_205' title='bbox 766 2182 828 2220; x_wconf 83' lang='lat' dir='ltr'><strong>sui</strong></span> <span class='ocrx_word' id='word_1_206' title='bbox 841 2182 1050 2221; x_wconf 76' lang='lat' dir='ltr'><strong>comitatus</strong></span> <span class='ocrx_word' id='word_1_207' title='bbox 1071 2196 1088 2217; x_wconf 76' lang='grc' dir='ltr'><strong>ι</strong></span> <span class='ocrx_word' id='word_1_208' title='bbox 1109 2182 1245 2227; x_wconf 74' lang='lat' dir='ltr'><strong>(At-ch.</strong></span> <span class='ocrx_word' id='word_1_209' title='bbox 1260 2188 1360 2230; x_wconf 60' lang='grc' dir='ltr'><strong>παι,</strong></span> <span class='ocrx_word' id='word_1_210' title='bbox 1381 2184 1457 2221; x_wconf 86' lang='grc' dir='ltr'><strong>ΚΚ</strong></span> <span class='ocrx_word' id='word_1_211' title='bbox 1479 2185 1514 2232; x_wconf 92' lang='grc'><strong>1,</strong></span> <span class='ocrx_word' id='word_1_212' title='bbox 1534 2184 1599 2222; x_wconf 74' lang='lat' dir='ltr'><strong>tol.</strong></span> <span class='ocrx_word' id='word_1_213' title='bbox 1621 2186 1695 2231; x_wconf 83' lang='grc'>51).</span> 
     </span>
    </p>
   </div>
   <div class='ocr_carea' id='block_1_4' title="bbox 289 2241 1754 2291">
    <p class='ocr_par' dir='ltr' id='par_1_5' title="bbox 289 2241 1754 2291">
     <span class='ocr_line' id='line_1_27' title="bbox 289 2241 1754 2291; baseline 0.003 -13"><span class='ocrx_word' id='word_1_214' title='bbox 289 2241 314 2278; x_wconf 83' lang='lat' dir='ltr'>J</span> <span class='ocrx_word' id='word_1_215' title='bbox 316 2252 337 2279; x_wconf 86' lang='lat' dir='ltr'><strong>e</strong></span> <span class='ocrx_word' id='word_1_216' title='bbox 356 2251 419 2278; x_wconf 87' lang='lat' dir='ltr'><strong>me</strong></span> <span class='ocrx_word' id='word_1_217' title='bbox 438 2241 530 2279; x_wconf 65' lang='lat' dir='ltr'><strong>hate</strong></span> <span class='ocrx_word' id='word_1_218' title='bbox 542 2241 731 2290; x_wconf 81' lang='lat' dir='ltr'><strong>d’ajouter</strong></span> <span class='ocrx_word' id='word_1_219' title='bbox 743 2252 818 2291; x_wconf 83' lang='lat' dir='ltr'><strong>que</strong></span> <span class='ocrx_word' id='word_1_220' title='bbox 832 2241 927 2279; x_wconf 81' lang='lat' dir='ltr'><strong>c&#39;est</strong></span> <span class='ocrx_word' id='word_1_221' title='bbox 939 2241 964 2279; x_wconf 68' lang='grc' dir='ltr'><strong>ὁ,</strong></span> <span class='ocrx_word' id='word_1_222' title='bbox 977 2241 1221 2290; x_wconf 75' lang='lat' dir='ltr'><strong>l&#39;obtigeante</strong></span> <span class='ocrx_word' id='word_1_223' title='bbox 1234 2242 1568 2281; x_wconf 67' lang='lat' dir='ltr'><strong>communicationi</strong></span> <span class='ocrx_word' id='word_1_224' title='bbox 1580 2242 1697 2282; x_wconf 84' lang='lat' dir='ltr'><strong>d’une</strong></span> <span class='ocrx_word' id='word_1_225' title='bbox 1750 2287 1754 2291; x_wconf 90' lang='lat'>.</span> 
     </span>
    </p>
   </div>
   <div class='ocr_carea' id='block_1_5' title="bbox 289 2300 1698 2817">
    <p class='ocr_par' dir='ltr' id='par_1_6' title="bbox 291 2300 1698 2408">
     <span class='ocr_line' id='line_1_28' title="bbox 291 2300 1698 2349; baseline 0.002 -11"><span class='ocrx_word' id='word_1_226' title='bbox 291 2300 399 2349; x_wconf 85' lang='lat' dir='ltr'><strong>copie</strong></span> <span class='ocrx_word' id='word_1_227' title='bbox 425 2300 473 2339; x_wconf 89' lang='lat' dir='ltr'><strong>de</strong></span> <span class='ocrx_word' id='word_1_228' title='bbox 500 2311 545 2339; x_wconf 86' lang='lat' dir='ltr'><strong>ce</strong></span> <span class='ocrx_word' id='word_1_229' title='bbox 570 2301 728 2349; x_wconf 75' lang='lat' dir='ltr'><strong>jour-nal</strong></span> <span class='ocrx_word' id='word_1_230' title='bbox 753 2300 805 2339; x_wconf 91' lang='lat' dir='ltr'><strong>du</strong></span> <span class='ocrx_word' id='word_1_231' title='bbox 833 2301 990 2349; x_wconf 71' lang='grc' dir='ltr'><strong>Ττόεοτ,</strong></span> <span class='ocrx_word' id='word_1_232' title='bbox 1015 2301 1203 2338; x_wconf 75' lang='grc' dir='ltr'><strong>οιόοιιιόο</strong></span> <span class='ocrx_word' id='word_1_233' title='bbox 1233 2312 1304 2349; x_wconf 84' lang='lat' dir='ltr'><strong>par</strong></span> <span class='ocrx_word' id='word_1_234' title='bbox 1338 2312 1430 2339; x_wconf 87' lang='lat' dir='ltr'><strong>mon</strong></span> <span class='ocrx_word' id='word_1_235' title='bbox 1456 2302 1633 2341; x_wconf 64' lang='lat' dir='ltr'><strong>conitere</strong></span> <span class='ocrx_word' id='word_1_236' title='bbox 1657 2309 1698 2341; x_wconf 83' lang='lat' dir='ltr'><strong>et</strong></span> 
     </span>
     <span class='ocr_line' id='line_1_29' title="bbox 291 2358 1529 2408; baseline 0.002 -13"><span class='ocrx_word' id='word_1_237' title='bbox 291 2358 369 2395; x_wconf 81' lang='lat' dir='ltr'><strong>ami</strong></span> <span class='ocrx_word' id='word_1_238' title='bbox 384 2358 438 2396; x_wconf 83' lang='lat' dir='ltr'><strong>M.</strong></span> <span class='ocrx_word' id='word_1_239' title='bbox 459 2358 649 2405; x_wconf 84' lang='lat' dir='ltr'><strong>Couderc,</strong></span> <span class='ocrx_word' id='word_1_240' title='bbox 668 2370 743 2408; x_wconf 90' lang='lat' dir='ltr'><strong>que</strong></span> <span class='ocrx_word' id='word_1_241' title='bbox 759 2358 800 2407; x_wconf 88' lang='lat' dir='ltr'><strong>je</strong></span> <span class='ocrx_word' id='word_1_242' title='bbox 818 2358 903 2397; x_wconf 81' lang='lat' dir='ltr'><strong>dois</strong></span> <span class='ocrx_word' id='word_1_243' title='bbox 921 2359 979 2396; x_wconf 81' lang='lat' dir='ltr'><strong>les</strong></span> <span class='ocrx_word' id='word_1_244' title='bbox 997 2358 1160 2396; x_wconf 67' lang='lat' dir='ltr'><strong>extruite</strong></span> <span class='ocrx_word' id='word_1_245' title='bbox 1178 2369 1254 2407; x_wconf 86' lang='lat' dir='ltr'><strong>que</strong></span> <span class='ocrx_word' id='word_1_246' title='bbox 1269 2358 1350 2407; x_wconf 85' lang='lat' dir='ltr'><strong>j&#39;en</strong></span> <span class='ocrx_word' id='word_1_247' title='bbox 1369 2359 1407 2396; x_wconf 83' lang='lat' dir='ltr'><strong>ai</strong></span> <span class='ocrx_word' id='word_1_248' title='bbox 1426 2358 1529 2397; x_wconf 68' lang='lat' dir='ltr'><strong>faits.</strong></span> 
     </span>
    </p>

    <p class='ocr_par' dir='ltr' id='par_1_7' title="bbox 289 2415 1696 2582">
     <span class='ocr_line' id='line_1_30' title="bbox 338 2415 1695 2465; baseline 0.002 -13"><span class='ocrx_word' id='word_1_249' title='bbox 338 2417 372 2452; x_wconf 90' lang='grc'><strong>1.</strong></span> <span class='ocrx_word' id='word_1_250' title='bbox 393 2415 497 2453; x_wconf 84' lang='lat' dir='ltr'><strong>G&#39;est</strong></span> <span class='ocrx_word' id='word_1_251' title='bbox 515 2426 567 2453; x_wconf 89' lang='lat' dir='ltr'><strong>en</strong></span> <span class='ocrx_word' id='word_1_252' title='bbox 583 2415 712 2464; x_wconf 86' lang='lat' dir='ltr'><strong>juillet</strong></span> <span class='ocrx_word' id='word_1_253' title='bbox 739 2416 831 2454; x_wconf 86' lang='grc'>1318</span> <span class='ocrx_word' id='word_1_254' title='bbox 850 2426 926 2465; x_wconf 88' lang='lat' dir='ltr'><strong>que</strong></span> <span class='ocrx_word' id='word_1_255' title='bbox 950 2421 1107 2454; x_wconf 86' lang='lat' dir='ltr'><strong>mourut</strong></span> <span class='ocrx_word' id='word_1_256' title='bbox 1127 2415 1164 2452; x_wconf 87' lang='lat' dir='ltr'><strong>le</strong></span> <span class='ocrx_word' id='word_1_257' title='bbox 1188 2416 1388 2454; x_wconf 77' lang='lat' dir='ltr'><strong>marechal</strong></span> <span class='ocrx_word' id='word_1_258' title='bbox 1406 2416 1455 2454; x_wconf 87' lang='lat' dir='ltr'><strong>de</strong></span> <span class='ocrx_word' id='word_1_259' title='bbox 1474 2416 1695 2455; x_wconf 58' lang='lat' dir='ltr'><strong>&amp;eumont</strong></span> 
     </span>
     <span class='ocr_line' id='line_1_31' title="bbox 292 2472 1696 2522; baseline 0.003 -11"><span class='ocrx_word' id='word_1_260' title='bbox 292 2473 349 2520; x_wconf 93' lang='lat' dir='ltr'><strong>(P.</strong></span> <span class='ocrx_word' id='word_1_261' title='bbox 371 2472 578 2522; x_wconf 84' lang='lat' dir='ltr'><strong>Anselme,</strong></span> <span class='ocrx_word' id='word_1_262' title='bbox 605 2476 764 2512; x_wconf 75' lang='lat' dir='ltr'><strong>Histoire</strong></span> <span class='ocrx_word' id='word_1_263' title='bbox 789 2477 1047 2522; x_wconf 70' lang='lat' dir='ltr'><strong>aeneoloqiquo</strong></span> <span class='ocrx_word' id='word_1_264' title='bbox 1064 2479 1099 2512; x_wconf 70' lang='lat' dir='ltr'><strong>et</strong></span> <span class='ocrx_word' id='word_1_265' title='bbox 1124 2475 1409 2522; x_wconf 69' lang='lat' dir='ltr'><strong>chronoloqique</strong></span> <span class='ocrx_word' id='word_1_266' title='bbox 1425 2477 1470 2513; x_wconf 75' lang='lat' dir='ltr'><strong>de</strong></span> <span class='ocrx_word' id='word_1_267' title='bbox 1492 2478 1531 2514; x_wconf 82' lang='lat' dir='ltr'><strong>la</strong></span> <span class='ocrx_word' id='word_1_268' title='bbox 1548 2479 1696 2515; x_wconf 68' lang='grc' dir='ltr'><strong><em>ηιαὶεοπ</em></strong></span> 
     </span>
     <span class='ocr_line' id='line_1_32' title="bbox 289 2533 969 2582; baseline 0.006 -14"><span class='ocrx_word' id='word_1_269' title='bbox 289 2535 418 2580; x_wconf 75' lang='lat' dir='ltr'><strong>royalo</strong></span> <span class='ocrx_word' id='word_1_270' title='bbox 434 2535 478 2570; x_wconf 75' lang='lat' dir='ltr'><strong>do</strong></span> <span class='ocrx_word' id='word_1_271' title='bbox 496 2535 646 2578; x_wconf 65' lang='lat' dir='ltr'><strong>stanes,</strong></span> <span class='ocrx_word' id='word_1_272' title='bbox 669 2539 698 2571; x_wconf 83' lang='lat' dir='ltr'><strong>t.</strong></span> <span class='ocrx_word' id='word_1_273' title='bbox 721 2533 793 2581; x_wconf 87' lang='lat' dir='ltr'><strong>VI,</strong></span> <span class='ocrx_word' id='word_1_274' title='bbox 812 2545 851 2582; x_wconf 87' lang='lat' dir='ltr'><strong>p.</strong></span> <span class='ocrx_word' id='word_1_275' title='bbox 869 2533 969 2578; x_wconf 80' lang='lat'><strong>658).</strong></span> 
     </span>
    </p>

    <p class='ocr_par' dir='ltr' id='par_1_8' title="bbox 291 2592 1693 2817">
     <span class='ocr_line' id='line_1_33' title="bbox 337 2592 1692 2644; baseline 0.004 -15"><span class='ocrx_word' id='word_1_276' title='bbox 337 2592 373 2629; x_wconf 89' lang='grc'><strong>2.</strong></span> <span class='ocrx_word' id='word_1_277' title='bbox 393 2592 556 2641; x_wconf 78' lang='lat' dir='ltr'><strong>D‘apres</strong></span> <span class='ocrx_word' id='word_1_278' title='bbox 587 2593 685 2642; x_wconf 84' lang='lat' dir='ltr'><strong>oeci,</strong></span> <span class='ocrx_word' id='word_1_279' title='bbox 705 2593 741 2631; x_wconf 87' lang='lat' dir='ltr'><strong>le</strong></span> <span class='ocrx_word' id='word_1_280' title='bbox 766 2592 872 2641; x_wconf 71' lang='lat' dir='ltr'><strong>siege</strong></span> <span class='ocrx_word' id='word_1_281' title='bbox 890 2592 943 2630; x_wconf 89' lang='lat' dir='ltr'><strong>du</strong></span> <span class='ocrx_word' id='word_1_282' title='bbox 967 2593 1133 2631; x_wconf 71' lang='lat' dir='ltr'><strong>chateau</strong></span> <span class='ocrx_word' id='word_1_283' title='bbox 1152 2593 1200 2632; x_wconf 85' lang='lat' dir='ltr'><strong>de</strong></span> <span class='ocrx_word' id='word_1_284' title='bbox 1222 2593 1354 2643; x_wconf 78' lang='lat' dir='ltr'><strong>Renty</strong></span> <span class='ocrx_word' id='word_1_285' title='bbox 1371 2594 1692 2644; x_wconf 44' lang='lat' dir='ltr'><strong>(Papae-cuais,</strong></span> 
     </span>
     <span class='ocr_line' id='line_1_34' title="bbox 291 2650 1693 2703; baseline 0.004 -16"><span class='ocrx_word' id='word_1_286' title='bbox 291 2650 621 2696; x_wconf 80' lang='lat' dir='ltr'><strong>arrondissement</strong></span> <span class='ocrx_word' id='word_1_287' title='bbox 648 2651 695 2689; x_wconf 90' lang='lat' dir='ltr'><strong>de</strong></span> <span class='ocrx_word' id='word_1_288' title='bbox 725 2650 995 2700; x_wconf 84' lang='lat' dir='ltr'><strong>Saint-Omer,</strong></span> <span class='ocrx_word' id='word_1_289' title='bbox 1025 2656 1168 2690; x_wconf 79' lang='lat' dir='ltr'><strong>canton</strong></span> <span class='ocrx_word' id='word_1_290' title='bbox 1193 2652 1241 2690; x_wconf 88' lang='lat' dir='ltr'><strong>de</strong></span> <span class='ocrx_word' id='word_1_291' title='bbox 1268 2652 1630 2703; x_wconf 77' lang='lat' dir='ltr'><strong>Fauquembergue)</strong></span> <span class='ocrx_word' id='word_1_292' title='bbox 1652 2659 1693 2692; x_wconf 87' lang='lat' dir='ltr'><strong>et</strong></span> 
     </span>
     <span class='ocr_line' id='line_1_35' title="bbox 292 2708 1692 2759; baseline 0.005 -15"><span class='ocrx_word' id='word_1_293' title='bbox 292 2708 392 2745; x_wconf 84' lang='lat' dir='ltr'><strong>celui</strong></span> <span class='ocrx_word' id='word_1_294' title='bbox 410 2708 457 2746; x_wconf 89' lang='lat' dir='ltr'><strong>de</strong></span> <span class='ocrx_word' id='word_1_295' title='bbox 477 2709 716 2758; x_wconf 84' lang='lat' dir='ltr'><strong>Seninghem</strong></span> <span class='ocrx_word' id='word_1_296' title='bbox 736 2711 859 2755; x_wconf 55' lang='lat' dir='ltr'><strong>(loia,</strong></span> <span class='ocrx_word' id='word_1_297' title='bbox 880 2714 1025 2748; x_wconf 79' lang='lat' dir='ltr'><strong>canton</strong></span> <span class='ocrx_word' id='word_1_298' title='bbox 1043 2709 1090 2746; x_wconf 90' lang='lat' dir='ltr'><strong>de</strong></span> <span class='ocrx_word' id='word_1_299' title='bbox 1110 2710 1330 2759; x_wconf 83' lang='lat' dir='ltr'><strong>Lumbres),</strong></span> <span class='ocrx_word' id='word_1_300' title='bbox 1349 2711 1528 2750; x_wconf 80' lang='lat' dir='ltr'><strong>auraient</strong></span> <span class='ocrx_word' id='word_1_301' title='bbox 1543 2723 1595 2750; x_wconf 85' lang='lat' dir='ltr'><strong>eu</strong></span> <span class='ocrx_word' id='word_1_302' title='bbox 1612 2712 1692 2751; x_wconf 76' lang='lat' dir='ltr'><strong>lieu</strong></span> 
     </span>
     <span class='ocr_line' id='line_1_36' title="bbox 292 2764 1686 2817; baseline 0.005 -15"><span class='ocrx_word' id='word_1_303' title='bbox 292 2764 315 2801; x_wconf 73' lang='grc' dir='ltr'><strong>ὲ.</strong></span> <span class='ocrx_word' id='word_1_304' title='bbox 334 2765 371 2803; x_wconf 84' lang='lat' dir='ltr'><strong>la</strong></span> <span class='ocrx_word' id='word_1_305' title='bbox 389 2766 442 2803; x_wconf 88' lang='lat' dir='ltr'><strong>fin</strong></span> <span class='ocrx_word' id='word_1_306' title='bbox 455 2767 502 2804; x_wconf 85' lang='lat' dir='ltr'><strong>de</strong></span> <span class='ocrx_word' id='word_1_307' title='bbox 521 2768 672 2805; x_wconf 72' lang='lat' dir='ltr'><strong>l&#39;anuee</strong></span> <span class='ocrx_word' id='word_1_308' title='bbox 686 2768 779 2806; x_wconf 86' lang='grc'>1319</span> <span class='ocrx_word' id='word_1_309' title='bbox 791 2779 843 2806; x_wconf 92' lang='lat' dir='ltr'><strong>ou</strong></span> <span class='ocrx_word' id='word_1_310' title='bbox 854 2768 952 2807; x_wconf 82' lang='lat' dir='ltr'><strong>dans</strong></span> <span class='ocrx_word' id='word_1_311' title='bbox 965 2769 1023 2806; x_wconf 83' lang='lat' dir='ltr'><strong>les</strong></span> <span class='ocrx_word' id='word_1_312' title='bbox 1035 2769 1223 2817; x_wconf 77' lang='lat' dir='ltr'><strong>premiere</strong></span> <span class='ocrx_word' id='word_1_313' title='bbox 1236 2770 1336 2808; x_wconf 84' lang='lat' dir='ltr'><strong>mois</strong></span> <span class='ocrx_word' id='word_1_314' title='bbox 1348 2770 1395 2809; x_wconf 87' lang='lat' dir='ltr'><strong>de</strong></span> <span class='ocrx_word' id='word_1_315' title='bbox 1414 2771 1567 2810; x_wconf 75' lang='lat' dir='ltr'><strong>l’annee</strong></span> <span class='ocrx_word' id='word_1_316' title='bbox 1580 2771 1686 2811; x_wconf 77' lang='lat'><strong>1³20.</strong></span> 
     </span>
    </p>
   </div>
  </div>
 </body>
</html>
