1838 3164
104 253 209 300 1304]
379 255 750 290 ΟΗΒΟΝΟΕΒΑΡΗΙΑ
774 251 928 288 KRG-UH
952 250 1231 286 rmcontm.
1437 245 1501 285 ¹61

0 378 4 386 .
165 338 292 385 Tunc
302 341 535 385 venerunt
549 334 611 384 ad
629 349 791 400 regem
802 332 995 398 quidam
1012 333 1222 388 clientes,
1240 329 1506 381 deferentes

0 456 14 477 ᾗ.
101 416 241 476 caput
273 409 587 477 prenominati
620 407 850 460 Guillelmi
878 407 1155 457 Juliocensis
1189 423 1333 473 super
1365 421 1506 456 unam

0 539 16 555 ff
99 487 309 537 lanceam
324 493 372 537 et
391 489 784 553 presentaverunt
805 482 919 533 illud
944 484 1071 550 regi¹
1099 503 1110 532 ε
1139 483 1268 550 quod
1293 482 1503 548 quidem,

97 579 239 612 verso
270 563 441 629 capite,
473 578 568 611 non
604 559 786 612 miravit
809 559 1062 625 respicere.
1093 563 1221 609 Tunc
1253 558 1420 618 eciam,
1455 565 1509 607 ut

99 657 127 688 a
160 639 444 705 quibusdam
474 638 701 695 refertur,
738 635 982 684 inventum
1009 640 1082 684 est
1116 635 1303 701 signum
1329 635 1504 700 regale,

99 716 228 781 quod
254 715 416 783 gallice
446 713 618 765 dicitur
648 711 942 776 ΙὈὶίῙῖαηιῠε,
969 710 1017 760 in
1047 710 1227 776 campis
1250 710 1299 758 in
1321 709 1509 759 duobus

99 791 316 843 fiustris²
338 790 474 857 (εἰει).Δ

163 872 323 935 Equus
333 868 500 927 eciam,
520 867 642 917 sicut
658 866 822 916 dicunt
839 865 1050 932 quidam,
1072 870 1187 915 tunc
1201 863 1422 913 inventus
1436 870 1510 912 est

16 983 17 986 η
99 945 354 1005 insellntm,
384 945 582 995 herbam
610 961 807 1010 pascens
835 943 962 992 inter
991 942 1112 993 duos
1145 940 1334 1001 dumos,
1364 957 1510 1007 super

18 1049 19 1053 =
98 1039 243 1088 quem
262 1021 458 1072 sedebat
482 1022 529 1071 in
554 1021 685 1080 sella,
712 1037 846 1071 more
871 1019 1140 1085 equitantis,
1169 1035 1339 1086 ymago
1361 1018 1509 1069 sancti

100 1099 284 1167 Georgii
299 1099 359 1150 de
374 1099 500 1150 fusto
519 1105 789 1166 carpentata
807 1098 1045 1164 armisque
1063 1097 1260 1157 munita,
1275 1113 1333 1146 ac
1349 1111 1511 1145 coram

18 1227 22 1231 .
99 1194 212 1245 rege
242 1181 530 1228 Francorum
555 1176 771 1243 Philippo
795 1174 997 1225 adducta
1025 1180 1073 1225 et
1097 1174 1184 1224 sibi
1214 1179 1510 1242 presentatm

99 1254 174 1304 cui
212 1270 300 1320 pro
336 1259 466 1304 certo
501 1253 680 1303 dictum
720 1258 793 1302 est
827 1251 956 1318 quod
991 1255 1158 1302 Petrus
1190 1250 1359 1309 Gonia,
1397 1250 1511 1299 alias

98 1330 256 1397 Regis,
278 1330 360 1396 qui
382 1330 429 1380 in
449 1329 572 1380 bello
587 1328 799 1380 Curtraci
821 1345 973 1379 novus
991 1328 1126 1379 miles
1143 1328 1296 1377 suerat
1316 1327 1512 1377 effectus

98 1412 148 1457 et
169 1406 250 1473 qui
271 1407 452 1457 dudum
476 1406 645 1474 Brugis
662 1425 690 1456 a
712 1405 1032 1473 Brugensibus
1050 1421 1218 1455 eorum
1241 1404 1512 1470 capitaneus

100 1483 251 1535 fuerat
269 1484 461 1543 electu8‚
485 1484 588 1550 ipse
606 1488 656 1534 et
679 1483 752 1533 sui
772 1482 840 1532 sic
860 1482 985 1533 illam
1002 1476 1268 1548 ymaginem
1286 1480 1509 1539 fecerant,

27 1604 39 1614 .
99 1567 382 1611 ornaverant
406 1567 454 1610 et
477 1577 622 1627 super
644 1575 819 1625 equum
843 1558 1239 1616 infourcaverant‚
1266 1557 1313 1606 in
1332 1574 1513 1607 memo-

15 1655 18 1705 ᾗ
99 1637 219 1687 riam
243 1638 455 1704 ejusdem
480 1637 627 1687 sancti
653 1636 842 1702 Georgii
873 1642 921 1685 et
945 1636 991 1684 in
1020 1635 1231 1702 presenti
1254 1634 1377 1684 bello
1406 1635 1510 1700 (sic)

16 1716 18 1730 ²
99 1714 381 1773 eduxerant,
410 1720 462 1765 ut
490 1714 591 1781 ejus
622 1713 700 1780 pia
729 1711 856 1779 apud
887 1716 1053 1771 Deum,
1082 1712 1130 1761 in
1155 1711 1343 1770 eodem,
1371 1711 1513 1761 inter-

16 1799 34 1850 ᾖ
99 1792 311 1843 cessione
335 1796 598 1843 tuerentur.

151 1964 185 2001 1.
208 1960 526 2000 L’enumeration
544 1959 612 1997 des
632 1965 754 1997 murts
774 1958 843 1998 tait
855 1958 986 1997 detaut
1005 1958 1103 1996 dans
1116 1959 1174 1996 les
1185 1960 1391 1997 Amicum
1409 1960 1513 1996 chro-

101 2025 230 2069 nique-5
254 2022 297 2060 do
315 2022 498 2062 mnam
517 2031 568 2058 on
589 2031 613 2069 y
634 2024 786 2066 trouve,
805 2029 856 2057 en
882 2019 1091 2065 revanche,
1112 2019 1147 2056 le
1173 2018 1269 2056 recit
1294 2017 1341 2056 de
1366 2018 1404 2056 la
1424 2020 1511 2067 pre-

103 2079 298 2119 sentation
317 2079 340 2117 ὰ
359 2078 536 2128 Philippo
556 2078 592 2116 le
612 2077 685 2116 Bel
704 2077 751 2115 de
771 2077 808 2115 ln
825 2077 904 2115 tete
929 2076 976 2114 de
1003 2076 1224 2115 Guillaume
1243 2076 1291 2115 de
1308 2076 1455 2114 Juliers
1472 2082 1511 2114 et

22 2143 23 2146 ’
101 2138 141 2176 la.
151 2138 329 2177 mention
342 2137 389 2175 de
402 2136 659 2175 l'orissamme.
677 2135 778 2174 Mais
792 2146 837 2174 ce
849 2135 917 2184 qui
937 2134 1014 2172 suit
1034 2134 1099 2183 n'y
1118 2134 1241 2182 figure
1259 2145 1341 2183 pas.
1359 2135 1509 2180 (Hister.

100 2200 143 2237 do
162 2199 239 2242 Fr„
259 2203 287 2236 t.
304 2196 441 2244 xxn,
455 2207 493 2246 p.
510 2196 608 2243 395.)
629 2196 705 2234 Les
723 2197 886 2234 Annales
906 2195 1112 2232 condensos
1133 2193 1275 2242 (Perta,
1293 2193 1507 2241 Scriptores,

102 2262 132 2295 t.
153 2255 267 2306 XVI,
286 2267 324 2306 p.
346 2255 426 2303 588)
453 2261 659 2293 tacentem
684 2254 800 2303 qu'en
826 2253 916 2299 effet
937 2264 987 2290 on
1007 2259 1163 2290 monti-a
1181 2263 1231 2290 au
1252 2253 1310 2290 roi
1330 2263 1407 2291 une
1434 2253 1510 2291 tete

23 2357 25 2361 f
102 2315 226 2354 fichee
245 2326 296 2354 en
314 2315 410 2353 haut
428 2314 543 2352 d'une
563 2314 697 2357 lance;
720 2312 819 2350 mais
837 2312 933 2350 elles
954 2316 1175 2350 contestent
1194 2322 1269 2360 que
1284 2322 1328 2349 ee
1343 2311 1400 2349 fut
1414 2311 1511 2350 celle

104 2376 152 2415 de
170 2375 392 2414 Guillaume
410 2373 458 2412 de
478 2373 644 2421 Julian-⁸3
666 2373 824 2411 suivant
845 2372 929 2410 leur
957 2371 1067 2419 tecit,
1090 2371 1117 2408 il
1147 2371 1203 2408 fut
1222 2370 1445 2420 impossible
1464 2370 1511 2408 de

105 2435 352 2475 reconnaitre
371 2434 407 2471 le
427 2432 605 2472 cadavre.

152 2495 189 2533 2.
210 2494 273 2532 On
304 2498 441 2532 uetera
476 2503 551 2543 que
582 2492 640 2530 les
670 2492 832 2530 Annales
869 2492 1072 2530 &endenses
1109 2489 1263 2538 (Pertz,
1294 2490 1507 2537 Scriptum,

26 2590 27 2593 ,
105 2559 136 2592 t.
170 2552 288 2598 XVI,
320 2562 358 2600 p.
393 2551 482 2599 588)
522 2550 644 2589 citent
675 2550 711 2588 le
742 2550 871 2587 meme
909 2549 976 2586 fait
1014 2547 1145 2586 relatis
1171 2548 1194 2584 ὲ
1225 2547 1466 2586 l'orissamme
1501 2560 1509 2584 ι

110 2627 128 2648 ι
200 2611 404 2660 ipsumque
418 2620 442 2647 ι
452 2608 757 2648 mandi-ensibus
777 2615 836 2647 est
850 2609 892 2646 in
909 2608 1032 2645 frusta
1051 2607 1296 2645 conscissum
1308 2606 1371 2644 vel
1384 2606 1511 2655 dirup-

26 2663 27 2668 ’
111 2685 127 2707 ι
148 2677 246 2710 tum.
266 2684 282 2706 ι
304 2669 363 2708 Cf.
384 2669 539 2709 Leroux
556 2667 604 2707 de
621 2668 747 2718 Lincy
766 2674 806 2706 et
824 2666 1049 2714 Tisserand,
1069 2668 1176 2705 Paris
1194 2670 1228 2704 ot
1244 2677 1297 2704 m
1316 2667 1512 2703 historiens

110 2741 186 2769 aus
205 2731 253 2768 11
259 2730 298 2767 V·
316 2733 350 2766 ot
368 2729 397 2766 Χ
403 2729 440 2764 V·
458 2730 589 2773 siecle-s,
612 2738 649 2776 p.
670 2726 739 2766 258
759 2732 799 2766 et
816 2727 899 2766 259.

256 2801 270 2832 1
1325 2792 1366 2828 11
