1838 3164
115 318 221 366 ¹298]
393 322 767 357 cunonoammnu
791 321 947 355 amun
971 320 1253 355 mucosum
1479 318 1522 353 77

175 400 248 449 Hii
282 406 536 466 postquam
569 401 729 467 spacio
756 400 895 449 unius
921 400 1029 448 anni
1063 400 1232 449 morati
1265 404 1374 450 sunt
1406 400 1523 449 citra

109 493 266 536 mare,
294 477 507 528 fecerunt
526 476 717 528 tractari
741 475 869 542 apud
901 492 1067 542 regem
1091 476 1258 543 Anglie
1281 477 1343 527 de
1367 476 1524 527 reditu

109 571 196 605 suo
219 554 280 604 ad
300 557 528 614 Scociam,
546 560 595 604 et
612 553 742 620 quod
761 553 804 603 ei
820 569 988 603 omnes
1005 553 1276 620 homagium
1296 554 1519 612 facerent,

109 648 197 681 nec
221 633 393 683 amodo
418 649 503 683 sue
526 631 782 699 majestati,
813 646 904 695 pro
933 646 1235 695 quocumque
1259 630 1519 681 obicerent.

106 707 242 767 Quod
266 714 314 757 et
337 707 546 758 fecerunt
570 711 619 756 et
642 707 710 756 sic
735 722 901 756 omnes
925 705 985 755 ad
1010 706 1205 772 propria
1229 706 1490 756 redierunt.

171 786 319 834 Porro
352 784 587 835 Robertus
618 783 682 833 de
714 787 853 842 Erus,
887 782 970 849 qui
1005 783 1208 834 multum
1240 782 1429 833 dolebat
1462 784 1523 834 de

18 908 22 917 ,
104 860 354 911 amissione
385 861 538 928 regni,
563 860 732 911 videns
757 860 887 927 quod
914 861 1087 910 amodo
1117 875 1400 925 recuperare
1427 878 1523 910 non

102 943 306 1004 poterat,
327 938 416 987 nisi
428 938 654 988 auxilium
666 937 865 988 haberet
882 955 911 987 a
923 937 1117 988 domino
1133 937 1343 989 Johanne
1353 937 1517 996 Conin‚

102 1015 303 1080 quierat
326 1016 572 1081 potencior
589 1016 741 1066 tocius
763 1015 941 1074 Soocie,
963 1014 1151 1081 rogavit
1165 1031 1276 1064 eum
1294 1014 1519 1081 quatinus

102 1092 220 1158 ipse,
243 1109 334 1143 una
351 1109 461 1142 cum
478 1092 738 1143 baronibus
761 1093 940 1150 Scocie.
959 1092 1145 1142 veniret
1168 1091 1229 1141 ad
1255 1108 1382 1150 eum,
1404 1109 1521 1158 qua-

103 1167 215 1218 dam
239 1168 316 1219 die
339 1169 539 1234 prefixa,
562 1169 610 1219 in
631 1169 855 1220 Jacobitis
872 1168 980 1218 ville
998 1168 1319 1219 Portuensisu
1342 1168 1521 1229 Quibus

101 1244 279 1295 ibidem
310 1246 624 1313 congregatis,
655 1246 892 1297 Robertus
922 1245 983 1296 de
1012 1249 1133 1296 Brus
1161 1251 1297 1295 caute
1327 1246 1521 1295 intravit

3 1382 6 1383 7
103 1338 212 1372 cum
232 1322 392 1373 multis
415 1324 684 1374 hominibus
701 1339 963 1374 armorum.
983 1322 1162 1374 Deinde
1186 1322 1313 1373 idem
1337 1322 1519 1373 Rober-

101 1405 178 1450 tus
201 1399 455 1450 declaravit
479 1401 664 1467 prefato
689 1400 884 1451 domino
907 1400 1104 1452 Johanni
1132 1401 1296 1459 Conin‚
1318 1400 1519 1466 qualiter

101 1480 199 1525 tota
223 1477 382 1526 Scocia
410 1477 647 1527 serviebat
672 1477 771 1544 regi
797 1477 960 1544 Anglie
979 1483 1026 1527 et
1050 1477 1199 1543 quod,
1225 1494 1388 1527 amore
1411 1478 1512 1536 Dei,

100 1552 203 1619 ipse
234 1560 458 1621 tanquam
488 1555 733 1621 potencior
759 1555 911 1621 patrie
937 1561 1199 1621 apponeret
1223 1554 1513 1612 remedium;

3 1632 10 1698 J
101 1631 358 1697 spopondit
381 1633 423 1682 ei
448 1649 664 1698 corpore,
694 1649 836 1698 posse
864 1638 912 1682 et
936 1631 1147 1698 pecuniis
1171 1632 1329 1697 ipsum
1348 1632 1516 1699 juvare

9 1758 12 1763 ,
99 1708 147 1757 in
171 1709 406 1767 omnibus,
435 1716 516 1759 aut
540 1710 579 1759 si
604 1710 673 1759 sic
694 1710 841 1767 nolet,
870 1709 1000 1774 quod
1017 1709 1183 1758 saltem
1200 1709 1359 1774 ipsum
1380 1710 1515 1775 juva-

98 1790 172 1834 ret
186 1790 236 1835 et
250 1785 451 1851 ipsemet
471 1785 645 1835 factum
660 1785 909 1852 arriperet.
933 1785 1017 1836 Cui
1036 1784 1258 1835 dominus
1275 1786 1513 1836 lohannes

0 1923 4 1927 .
96 1862 240 1912 Conin
269 1863 545 1913 concordari
573 1864 739 1923 noluit,
769 1863 934 1913 volens
955 1862 1214 1913 observare
1244 1864 1375 1929 quod
1402 1881 1515 1930 pro-

96 1939 287 1990 miserat
311 1940 412 2007 regi
438 1941 623 2008 Anglie.

159 2019 261 2077 Quo
294 2017 473 2076 audito,
510 2018 747 2068 Robertus
777 2018 839 2068 de
868 2022 989 2068 Brus
1016 2018 1192 2068 exemit
1223 2017 1432 2085 gladium
1463 2025 1511 2068 et

94 2093 265 2144 occidit
294 2111 420 2145 eum.
452 2095 683 2156 Quoniam
715 2112 832 2162 ergo
866 2095 1000 2145 miles
1033 2095 1216 2145 occisus
1247 2112 1308 2144 ex
1339 2111 1510 2162 magna

94 2171 319 2239 progenie
345 2178 464 2231 erat,
492 2173 645 2223 dictus
670 2173 905 2224 Robertus
934 2173 1054 2239 fugit
1088 2173 1137 2222 in
1167 2171 1419 2222 Irlandiam
1449 2172 1510 2221 ad

94 2249 314 2298 comitem
343 2248 403 2298 de
433 2249 802 2308 Houlenestier',
833 2250 965 2316 cujus
993 2249 1139 2298 filiam
1173 2248 1393 2308 habebat,
1427 2248 1509 2298 ubi

94 2331 304 2375 moratus
326 2332 400 2375 est
423 2326 650 2392 quamdiu
674 2326 764 2375 sibi
794 2328 988 2376 attraxit
1012 2327 1188 2376 multos
1210 2327 1415 2375 barones
1446 2326 1507 2375 de

94 2402 270 2451 Scocia.
306 2403 481 2453 Deinde
519 2404 650 2453 venit
690 2404 900 2453 Scociam
940 2410 987 2453 et
1023 2403 1234 2453 latitabat
1270 2403 1319 2451 in
1354 2403 1503 2462 silvis,

0 2543 4 2548 ⁸
93 2571 201 2605 cum
216 2556 396 2607 decem.
424 2560 490 2607 De
509 2557 586 2607 die
610 2564 767 2607 autem
787 2575 839 2608 se
857 2558 1137 2617 occultabat,
1161 2557 1223 2607 de
1242 2562 1379 2607 nocte
1399 2574 1508 2607 cur-

98 2686 386 2844 13÷i233zm
412 2752 539 2787 comte
563 2749 746 2789 d'Ulster.
775 2749 829 2788 Co
854 2749 1027 2799 mariage
1052 2760 1103 2788 ne
1127 2749 1184 2787 fut
1209 2748 1360 2787 celebre
1387 2746 1503 2797 qu'en
