1838 3164
374 298 416 338 94
647 298 1018 334 onnouocluvuu
1044 297 1195 331 amun
1223 295 1501 333 muco-uu.
1672 294 1705 343 [ί
1711 294 1779 332 ωὸ

374 383 533 430 hostes
563 382 876 429 recesserunt.
915 380 1211 427 Postremum
1245 392 1362 426 vero
1393 378 1520 442 Papa
1554 392 1664 427 cum
1696 392 1780 427 ma

372 455 679 522 oppressione
697 460 848 505 tactus
870 453 1036 504 dolore
1060 453 1218 503 cordis
1241 452 1539 512 intrinsecus,
1566 460 1781 504 mortim

371 539 461 592 est,
490 533 551 583 de
578 549 676 598 quo
698 532 906 584 dicimr:
937 532 1275 583 Fraudulenter
1299 533 1550 589 intravisti.
1576 538 1782 597 moneor

369 612 592 675 regnasti,
612 611 1039 676 (ammi-ieris.
1062 612 1166 670 Quo
1185 615 1392 667 mortuo,
1420 596 1635 660 homines
1656 609 1783 676 regis

368 686 560 738 Francie
597 686 808 737 fecerunt
841 685 1120 752 congregari
1155 685 1416 736 cardinales
1450 690 1501 736 et
1539 685 1783 753 elegerunt

367 762 624 828 quemdam
646 762 707 812 de
730 761 897 812 ordine
915 766 1132 812 Fratrum
1155 761 1526 821 Predicatorum,
1546 760 1648 828 qui,
1666 761 1784 814 alte-

367 846 473 891 rato
501 840 709 899 nomine,
747 845 941 890 vocatus
976 845 1050 890 est
1077 839 1376 898 Benedictus,
1410 838 1551 906 bujus
1578 838 1783 891 nui-'nis

367 919 492 983 Papa
517 920 631 968 xlm.

430 994 522 1045 Sed
542 1000 594 1044 ut
610 994 678 1043 rei
699 999 832 1059 geste
849 993 997 1043 series
1015 993 1200 1058 plenius
1219 992 1471 1059 pandatur,
1491 1010 1520 1043 a
1545 991 1780 1059 supuuod

365 1085 624 1135 parumper
655 1069 904 1120 exordium
934 1067 1166 1134 capiatur.
1195 1071 1370 1120 Verum
1399 1076 1474 1119 est
1497 1069 1628 1135 quod
1657 1070 1782 1122 inte

365 1146 521 1196 omnia
543 1146 760 1196 scismata
783 1163 877 1211 que
902 1146 1092 1196 fuerunt
1115 1146 1164 1195 in
1188 1146 1395 1197 Ecclesia
1416 1162 1614 1197 romana
1634 1163 1783 1214 prop-

363 1228 438 1273 ter
469 1223 752 1273 eleccionem
784 1223 859 1272 vel
891 1222 1210 1288 repulsionem
1243 1238 1552 1274 romanorum
1585 1223 1782 1276 Poam-

361 1315 488 1358 cum,
517 1300 607 1349 boc
623 1299 797 1350 dicitur
822 1299 968 1349 fuisse
989 1308 1139 1351 ω’·
1163 1299 1364 1358 scismaz
1388 1300 1520 1366 quod
1545 1300 1634 1352 fait
1655 1300 1781 1354 ἀνα

362 1392 536 1426 annum
552 1376 738 1426 Domini
751 1384 834 1426 ιω
847 1389 908 1427 cc
926 1375 1268 1443 octogesimum
1286 1385 1401 1429 νΡ.
1420 1379 1525 1438 Quo
1542 1382 1778 1444 tempore,

362 1459 614 1518 postquam
638 1452 895 1504 Celestinus
914 1456 1039 1519 Papa
1056 1453 1249 1519 quintus
1274 1454 1466 1521 papatui
1485 1454 1779 1506 remandavit

363 1535 411 1580 et
432 1530 582 1580 factus
602 1535 677 1580 est
694 1533 819 1596 Papa
842 1530 1118 1581 Bonel'acius
1142 1533 1295 1590 Vffl‘,
1322 1548 1434 1582 cum
1456 1531 1560 1598 ipse
1582 1531 1781 1583 Bona·-

362 1607 462 1656 cius
503 1623 756 1673 processus
799 1608 975 1658 faceret
1008 1614 1174 1658 contra
1214 1608 1436 1659 dominos
1466 1608 1695 1660 «Iacobum
1728 1614 1780 1660 et

362 1687 554 1734 Petrum
565 1683 626 1734 de
641 1684 916 1751 columpna,
937 1690 1160 1751 patmum
1175 1691 1224 1735 et
1238 1690 1478 1751 nepotem,
1497 1685 1776 1746 cardinales,

360 1761 452 1827 ipsi
475 1761 692 1812 videntes
720 1768 885 1812 contra
914 1779 966 1812 se
992 1767 1178 1814 motum
1198 1763 1398 1828 Papam,
1424 1769 1591 1814 contra
1619 1762 1780 1829 ipmm

361 1837 567 1888 libellum
579 1838 812 1888 famosum
827 1838 1032 1905 erigunt,
1049 1855 1196 1904 quem
1212 1838 1275 1889 ad
1292 1839 1465 1889 multas
1482 1845 1645 1906 partes
1662 1838 1780 1890 diri·-

359 1920 495 1980 gunt,
510 1921 775 1965 asserentes
789 1915 836 1964 in
854 1915 1042 1975 eodem,
1061 1915 1220 1982 ipsum
1239 1932 1334 1966 non
1349 1933 1455 1967 esse
1475 1919 1670 1983 Papam,
1691 1916 1777 1968 sed

361 1991 659 2041 solummodo
671 1991 975 2052 celestinum,
993 1992 1126 2060 cujus
1142 1993 1552 2045 renunciacionem
1566 2000 1615 2045 et
1626 1998 1779 2046 Bone-

360 2067 466 2117 sacii
499 2068 784 2118 eleccionem
818 2067 1036 2118 dicebant
1066 2069 1267 2135 juridice
1302 2086 1397 2119 non
1427 2076 1608 2121 tenere.
1641 2070 1778 2132 (hod

360 2145 506 2195 eciam
525 2146 727 2195 multum
743 2161 1004 2213 aggravare
1024 2147 1174 2197 voluit
1195 2163 1282 2196 rex
1301 2148 1496 2197 Francie
1513 2148 1772 2227 Philipp,

359 2227 524 2272 contra
535 2239 680 2288 quem
691 2223 839 2273 eciam
851 2223 979 2274 idem
993 2228 1119 2290 Papa
1135 2225 1288 2274 facere
1300 2225 1488 2274 volebat
1499 2241 1771 2291 prooessus.

423 2300 556 2351 Unde
580 2301 851 2350 convocatis
873 2301 1094 2352 omnibus
1118 2301 1312 2366 prelatis
1341 2308 1389 2351 et
1412 2302 1673 2355 baronibus
1701 2303 1776 2355 sui

358 2378 508 2443 regni,
549 2384 715 2443 petens
751 2378 813 2427 ab
852 2379 921 2428 eis
962 2379 1186 2428 auxilium
1224 2385 1272 2428 et
1306 2380 1570 2441 consilium,
1610 2387 1775 2432 contra

356 2458 530 2520 Papam
570 2455 837 2520 predictum
878 2455 1051 2523 objecit
1087 2455 1266 2506 crimen
1307 2457 1489 2508 heresis
1527 2463 1577 2508 et
1618 2458 1768 2526 qud,

356 2530 546 2580 vivente
570 2549 656 2581 suo
675 2532 1029 2597 predecessore,
1050 2532 1279 2583 habuerat
1300 2534 1568 2601 ingressum
1584 2534 1771 2603 illegiti-

355 2624 488 2657 mum
508 2609 569 2658 ad
593 2616 820 2675 papatum
844 2616 893 2660 et
915 2610 1045 2676 quod
1062 2610 1106 2660 ei
1124 2627 1220 2660 non
1243 2618 1346 2660 erat
1368 2613 1650 2677 parendum.
1673 2613 1771 2664 Fit-

356 2702 449 2750 que
485 2693 649 2737 contra
693 2688 851 2754 ipsum
888 2692 1063 2755 Papam
1102 2690 1385 2755 provocacio
1421 2690 1484 2740 ad
1522 2691 1769 2742 consilium

356 2765 596 2830 generale,
640 2783 732 2830 que
770 2773 928 2816 tamen
975 2765 1133 2816 omnia
1173 2767 1379 2818 indecisa
1419 2775 1764 2830 remanserunt,
