1838 3164
148 275 254 323 1310]
423 278 794 312 canonoomlruu
818 278 972 312 nom(
994 278 1274 312 chonmt.
1479 274 1544 311 187

143 358 416 408 obtulerunt
463 363 769 423 spontaneam
810 373 822 404 ε
867 356 1070 421 indeque
1111 356 1342 406 transiens
1384 358 1543 423 Alpes,

143 435 384 502 ingressus
407 441 480 484 est
511 433 839 484 Lombardiam
865 438 915 480 et
943 433 1102 481 statim
1132 439 1364 484 venerunt
1393 434 1456 484 illi
1485 433 1546 484 de

141 512 328 562 civitate
352 511 597 570 Paduensi,
624 526 676 560 se
703 509 794 559 sibi
816 508 1085 558 offerentes.
1120 529 1142 556 ‹
1177 511 1349 560 Porro¹
1386 516 1548 577 preter

143 607 166 634 ι
189 590 455 652 juramenta
489 586 715 654 predicta,
750 584 876 635 idem
908 586 1153 644 Henricus,
1188 603 1383 637 suorum
1415 587 1547 638 inhe-

144 685 166 711 ι
195 682 306 715 rens
322 664 713 731 predecessorum
731 661 959 729 vestigiis,
979 662 1257 728 priusquam
1275 664 1547 730 ingredere-

144 760 165 787 «
197 747 274 791 tur
302 741 481 791 Italiam
504 739 581 789 vel
605 738 798 798 Urbem,
827 745 879 788 ut
906 738 1081 789 ibidem
1099 738 1207 806 jura
1234 740 1388 804 aliqua
1412 757 1547 789 exer-

143 837 164 864 «
195 824 339 876 ceret,
367 817 457 868 sub
480 816 751 867 testimonio
777 832 970 866 suarum
996 815 1259 882 patentium
1286 816 1544 867 litterarum

107 910 110 912 ’
142 916 163 942 ι
190 895 239 944 in
264 894 480 944 manibus
497 894 722 944 Johannis
746 893 807 943 de
827 893 1070 952 Mollianis,
1097 893 1329 944 scolastici
1353 894 1546 943 ecclesie

137 991 159 1019 ι
188 970 444 1030 Tuslensis,
479 970 704 1037 capellani
741 970 853 1020 dicti
889 973 1013 1037 Pape
1049 970 1323 1030 Clementis,
1363 970 1424 1019 ad
1457 970 1546 1020 hoc

137 1067 158 1095 ι
188 1047 452 1115 specialiter
462 1065 549 1115 per
559 1048 717 1113 ipsum
733 1047 863 1097 missi
876 1052 926 1097 et
942 1047 1124 1114 prefate
1135 1047 1340 1099 Ecclesie
1354 1047 1544 1098 nomine

136 1145 158 1172 ι
188 1125 454 1192 recipientis
471 1125 688 1191 promisit
706 1130 754 1174 et
778 1124 916 1174 tactis
939 1124 1252 1175 sacrosanctis
1273 1125 1545 1192 ewangeliis

137 1223 158 1249 ‹
183 1203 452 1269 juramento
464 1203 689 1258 firmavit,
703 1201 834 1267 quod
849 1201 1066 1252 eamdem
1077 1202 1332 1253 Ecclesiam
1342 1208 1390 1252 et
1399 1201 1544 1252 fidem

137 1299 158 1325 ‹
189 1279 462 1330 catholicam
496 1296 616 1345 pura
646 1279 748 1328 'fide
780 1279 987 1345 totisque
1019 1278 1202 1329 viribus
1241 1285 1545 1330 conservaret

136 1375 157 1403 ‹
188 1362 461 1407 reverenter
478 1362 527 1407 et
544 1357 687 1406 etiam
705 1356 988 1415 defensaret,
1011 1373 1297 1422 omnemque
1315 1357 1539 1415 heresim,

136 1453 157 1480 ι
187 1434 356 1483 scisma
397 1441 445 1483 et
493 1434 736 1503 hereticos.
767 1433 1003 1499 quoslibet
1052 1434 1283 1491 fautores,
1329 1433 1542 1499 ipsorum

134 1529 156 1558 ‹
186 1510 550 1578 reeept[at]ores
579 1516 628 1560 et
661 1510 933 1560 defensores
962 1510 1176 1576 ipsorum
1208 1510 1543 1560 exterminaret

133 1607 155 1634 ι
186 1605 276 1654 pro
310 1605 468 1654 posse,
508 1604 563 1637 ac
596 1604 837 1654 nunquam
872 1603 981 1637 cum
1020 1589 1298 1646 Sat-moeno,
1335 1604 1538 1653 pagano,

132 1684 154 1711 ι
185 1665 448 1715 scismatico
460 1681 542 1714 seu
561 1664 652 1715 alio
670 1664 897 1730 quolibet,
915 1665 1300 1714 communionem
1316 1664 1541 1715 catholice

133 1763 154 1788 ι
184 1741 294 1791 fidei
314 1758 405 1791 non
428 1741 646 1799 habente,
665 1747 745 1791 aut
765 1757 876 1791 cum
893 1740 1052 1807 aliquo
1075 1741 1166 1791 alio
1183 1742 1365 1807 prefate
1383 1741 1541 1792 Eccle-

131 1838 154 1865 ι
185 1819 253 1869 sie
268 1819 456 1869 inimico
471 1820 546 1869 vel
563 1819 742 1879 rebelli,
764 1836 846 1869 seu
865 1819 1020 1869 eidem
1036 1820 1281 1870 manifeste
1297 1827 1535 1886 suspecto,

129 1916 153 1943 c
182 1897 402 1947 unionem
435 1897 709 1963 quamlibet,
746 1897 1036 1964 parentelam
1072 1903 1153 1947 aut
1191 1898 1539 1948 confederatio-

129 1993 150 2020 «
182 1990 290 2024 nem
307 1973 469 2033 iniret3
491 1973 575 2024 sed
596 1980 694 2023 tam
710 1990 845 2024 suam
864 1990 1008 2039 quam
1025 1990 1353 2024 successorum
1372 1991 1539 2040 perso-

128 2069 150 2097 «
180 2067 282 2111 nas,
305 2051 533 2102 honorem
559 2057 607 2100 et
635 2057 810 2102 statum
836 2056 1162 2101 manuteneret
1187 2057 1235 2101 et
1262 2052 1537 2103 defenderet

173 2220 208 2256 1.
228 2218 330 2257 Tout
348 2219 385 2258 le
403 2230 567 2270 passage
586 2220 653 2270 qui
673 2221 751 2259 suit
770 2227 882 2259 entre
902 2220 1124 2270 guillemets
1146 2225 1207 2258 est
1226 2220 1261 2258 le
1280 2225 1386 2259 texte
1405 2221 1534 2259 meme

124 2277 172 2316 de
190 2278 228 2316 la.
247 2277 439 2318 decretale
457 2279 505 2318 de
517 2279 694 2319 clement
710 2280 759 2327 V,
773 2280 926 2318 inseres
940 2290 989 2317 au
1005 2279 1101 2317 livre
1114 2278 1154 2317 11
1165 2278 1234 2317 des
1253 2278 1533 2328 clementinos,

124 2341 163 2374 et
187 2337 253 2386 qui
282 2337 403 2376 forme
431 2337 467 2375 le
492 2338 582 2378 titre
606 2338 669 2377 IX
693 2340 736 2377 do
749 2340 1015 2386 jurejurando.
1037 2339 1193 2386 (Corpus
1218 2341 1319 2385 juris
1346 2342 1531 2383 canonici,

123 2394 214 2432 edit.
237 2395 460 2446 Friedherg,
479 2402 509 2434 t.
529 2397 583 2444 11,
602 2397 677 2436 col.
701 2398 824 2441 1149.)
843 2398 965 2436 Notre
993 2397 1256 2446 chroniqueur
1277 2397 1369 2436 s’est
1394 2398 1532 2444 borne,

123 2465 275 2493 comme
302 2455 389 2504 plus
415 2455 525 2503 haut,
545 2456 583 2494 la
607 2459 658 2495 ou
684 2457 712 2495 il
738 2469 764 2507 y
788 2457 892 2495 avait
918 2468 994 2500 nos,
1017 2456 1040 2494 a.
1063 2468 1090 2506 y
1116 2456 1328 2495 substituer
1345 2458 1458 2505 Papa,
1481 2469 1531 2495 en

119 2519 286 2552 mettant
314 2515 371 2553 les
403 2515 540 2555 verbus
565 2515 590 2554 ὁ
622 2517 660 2555 la
690 2516 890 2555 troisieme
924 2526 1133 2565 personne.
1163 2514 1360 2565 Ajoutons
1387 2527 1462 2565 que
1488 2527 1533 2553 sa

120 2571 229 2620 copie
248 2577 308 2610 est
327 2577 517 2620 correcte,
535 2574 636 2612 mais
663 2574 756 2624 qu’il
782 2574 891 2623 place
910 2574 948 2611 la
967 2574 1075 2622 pisce
1096 2573 1120 2611 a.
1139 2585 1217 2612 une
1234 2573 1323 2612 dats
1341 2573 1531 2612 inadmis-

121 2629 232 2678 sible,
245 2630 426 2680 puisqu'il
443 2643 493 2671 en
514 2632 690 2684 appliqus
710 2633 767 2672 les
785 2633 1035 2683 dispositione
1054 2633 1078 2670 a
1097 2632 1222 2671 Henri
1235 2633 1314 2671 VII
1332 2639 1372 2671 et
1390 2632 1530 2683 qu'elle

121 2699 144 2726 a
169 2689 230 2726 ete
256 2690 521 2739 promulguse‚
540 2702 615 2740 peu
642 2692 755 2742 apres
779 2703 823 2730 sa
848 2697 965 2739 mort,
984 2691 1012 2730 il
1030 2696 1091 2730 ost
1111 2692 1208 2739 vni,
1229 2702 1279 2731 au
1306 2691 1457 2738 concile
1481 2690 1529 2729 de

123 2746 290 2786 Vienne.
