1838 3164
335 269 401 307 172
605 268 975 302 onnouoonn’uu
1002 267 1154 301 amun
1179 267 1457 303 mucosum.
1629 268 1732 314 [¹³07

331 352 586 402 baronibus
603 349 903 414 dispositum,
925 349 972 397 in
998 347 1222 414 plumbeo
1240 349 1421 399 tumulo
1439 351 1644 415 positum
1663 358 1735 402 est

332 435 380 477 et
411 426 521 476 inde
551 424 809 475 stabilitum
833 424 879 475 in
907 441 1048 475 curru
1077 424 1284 474 totaliter
1311 424 1472 491 aigi-03
1505 425 1565 475 ad
1595 443 1738 492 quem

331 503 598 554 ducendum
619 502 809 552 fuerunt
825 501 1034 568 deputati
1058 518 1141 550 sex
1161 501 1318 567 magni
1336 501 1564 552 dextr-aiii
1588 503 1741 553 totali·

330 585 405 629 ter
424 578 544 646 nigri
563 585 610 629 et
625 578 673 627 in
692 584 893 644 utroque
913 578 1058 627 latere
1076 593 1244 627 currus
1258 577 1537 628 incedebant
1550 584 1739 629 centum

332 656 509 716 famuli,
536 671 703 706 omnes
732 655 889 705 amicti
920 654 1068 721 nigris
1099 654 1412 713 indumentis;
1446 661 1740 720 postremum

330 750 446 783 vero
463 733 783 798 sequebantur
799 732 879 797 qui
895 731 956 781 de
974 731 1200 798 progenie
1214 731 1341 797 regis
1356 738 1507 790 erant,
1525 732 1739 783 similiter

328 810 477 861 induti
502 809 795 859 vestimentis
817 810 1031 875 planctus
1054 813 1103 857 et
1120 808 1338 858 meroris.

392 887 560 952 Sicque
578 902 752 951 corpus
775 885 946 936 ductus
970 890 1043 934 est
1061 884 1314 935 Londoniis
1336 886 1468 951 (πῶς
1490 892 1743 937 venerunt»

328 981 421 1029 que
436 979 603 1012 omnes
621 962 946 1028 processiones
964 961 1165 1011 civitatis
1182 962 1372 1012 obviam
1390 962 1435 1012 ei
1453 981 1463 1011 :
1482 969 1743 1029 posuerunt

329 1046 487 1090 autem
505 1056 679 1105 corpus
696 1040 743 1088 in
763 1038 924 1088 lectica
943 1038 1091 1104 nigris
1108 1039 1404 1104 cooperturis
1421 1040 1591 1099 velata,
1607 1039 1745 1091 iudu-

330 1122 430 1165 tum
456 1116 599 1164 armis
620 1114 721 1181 ejus
743 1114 965 1181 plenariis
989 1131 1000 1163 :
1032 1119 1293 1179 posuerunt
1322 1115 1471 1165 eciam
1503 1131 1665 1166 ensem
1696 1116 1744 1166 in

250 1226 255 1233 ι
329 1208 470 1241 manu
507 1191 608 1258 ejus
647 1191 814 1241 dextra
855 1198 902 1241 et
946 1191 991 1240 in
1033 1191 1222 1241 sinistra
1265 1197 1481 1258 septrum
1524 1209 1741 1251 aureum,

328 1284 564 1334 superque
598 1267 895 1317 bachineturn
929 1267 1031 1334 ejus
1065 1268 1463 1333 preciosissimam
1496 1285 1740 1321 coronam.

328 1345 403 1395 Sic
432 1361 548 1411 ergo
572 1344 810 1394 duxerunt
834 1360 999 1411 regem
1024 1350 1265 1395 mortuum
1291 1362 1380 1411 per
1402 1345 1658 1402 civitatem.
1684 1363 1745 1399 eo

328 1421 456 1486 quod
485 1420 752 1471 decesserat
784 1421 830 1470 in
868 1427 1048 1471 terram
1082 1422 1189 1488 (sic)
1225 1438 1416 1488 guerre.
1448 1425 1745 1475 Postremum

328 1503 485 1547 autem
522 1497 692 1547 ductus
726 1503 800 1547 est
840 1497 901 1547 ad
931 1497 1167 1547 abbatiam
1199 1499 1632 1561 westmonasterii,
1665 1500 1746 1551 ubi

327 1573 550 1639 regaliter
574 1578 622 1622 et
649 1573 898 1640 magnifice
923 1574 1138 1640 sepultus
1161 1575 1277 1624 est¹.

393 1649 570 1699 Deinde
603 1649 916 1710 Edowardus‚
954 1651 1078 1701 filius
1116 1651 1235 1718 ejus,
1270 1653 1550 1703 convocavit
1579 1669 1747 1705 omnes

330 1727 537 1793 prelatos
571 1727 904 1793 principesque
943 1728 1079 1795 regni
1110 1729 1182 1778 sui
1197 1766 1210 1787 ‚
1252 1735 1306 1779 ut
1343 1735 1503 1780 essent
1540 1730 1746 1796 quadam

330 1804 407 1853 die
437 1803 672 1870 assignata
701 1804 957 1854 Londoniis
985 1823 995 1853 ε
1019 1805 1192 1871 quibus
1221 1806 1414 1872 quidem
1446 1824 1538 1856 una
1568 1808 1747 1873 puriter

329 1880 506 1929 ibidem
538 1882 852 1948 congregatis,
884 1882 1123 1932 duxerunt
1155 1882 1390 1948 prefatum
1424 1884 1746 1936 Edowardum

331 1956 391 2005 ad
422 1956 738 2006 cathedralem
769 1958 1013 2007 ecclesiam
1045 1960 1200 2008 Sancti
1233 1960 1377 2019 Pauli,
1406 1960 1487 2010 ubi
1513 1961 1573 2011 ab
1598 1962 1749 2012 archi-

331 2096 714 2146 Burgh-on-Sands‚
740 2100 790 2136 ou
819 2098 847 2136 il
872 2105 1032 2138 mourut
1058 2099 1093 2138 la
1119 2102 1141 2137 7
1163 2100 1292 2149 juillet
1321 2101 1427 2139 1307.
1456 2103 1688 2152 (Didiam
1711 2107 1758 2151 os

333 2159 504 2195 national
528 2158 744 2204 mymphis,
768 2157 895 2196 edited
921 2158 974 2208 by
992 2159 1120 2197 Leslie
1147 2159 1339 2209 Stephon,
1359 2160 1436 2199 vol.
1458 2161 1593 2210 XVII,
1612 2173 1650 2212 p.
1672 2162 1748 2211 37.)

380 2217 414 2252 1.
436 2215 549 2253 L’Art
565 2217 609 2253 do
627 2217 773 2263 vermer
790 2219 840 2254 los
863 2218 965 2254 datos
982 2217 1024 2260 (t.
1045 2217 1080 2266 1,
1099 2229 1138 2266 p.
1159 2219 1243 2262 808)
1267 2219 1359 2267 cite,
1379 2219 1530 2268 d‘apres
1548 2220 1587 2259 la
1605 2221 1750 2260 Gazette

332 2276 374 2311 de
394 2276 533 2312 France
549 2274 596 2312 de
618 2275 708 2312 1774
730 2276 780 2323 (p.
803 2276 900 2324 188),
920 2287 977 2313 un
994 2277 1287 2324 proces-verba!
1305 2277 1553 2317 d’ouvertura
1571 2279 1623 2318 du
1641 2284 1750 2319 tom-

333 2333 433 2371 beau
452 2323 671 2374 d'Edouard
688 2333 741 2371 1⁰r
759 2347 768 2371 ε
790 2334 827 2372 le
847 2345 960 2383 corps
979 2335 1075 2373 etait
1094 2336 1230 2374 revetu
1252 2350 1269 2371 c
1291 2337 1406 2375 d’une
1426 2338 1570 2387 longae
1589 2339 1682 2378 roba
1699 2339 1749 2378 de

336 2405 352 2426 ι
374 2391 473 2429 tissu
486 2391 567 2429 d'or
580 2396 620 2430 et
637 2391 827 2441 d'argent„
840 2404 911 2441 par
925 2393 1062 2430 dessus
1082 2393 1247 2442 laquelle
1261 2395 1289 2432 il
1302 2407 1329 2444 y
1342 2406 1394 2433 en
1413 2396 1519 2435 avoit
1537 2408 1616 2435 une
1634 2404 1748 2436 autre

337 2464 354 2484 α
376 2450 423 2487 de
437 2450 590 2488 velours
611 2450 807 2490 cramoisi.
822 2451 898 2490 Les
913 2452 1063 2502 Joyaux
1081 2452 1176 2491 dont
1194 2454 1223 2491 il
1242 2455 1338 2492 etoit
1355 2456 1453 2494 orne
1473 2457 1750 2496 conservoicnt

337 2522 354 2543 α
376 2509 461 2546 leur
480 2509 592 2547 eolat.
614 2509 648 2547 11
666 2510 791 2548 tanoit
809 2510 908 2548 dans
925 2521 1006 2549 una
1023 2511 1132 2548 main
1151 2523 1207 2550 un
1226 2519 1380 2562 sceptra
1406 2516 1609 2553 surmont&
1632 2515 1749 2555 d'une

337 2581 354 2602 «
377 2567 552 2606 colombe
571 2573 610 2605 et
629 2568 728 2606 dans
752 2581 830 2607 une
850 2575 962 2608 autre
980 2581 1037 2608 un
1056 2575 1208 2619 sceptro
1228 2572 1322 2620 long
1339 2572 1388 2610 de
1408 2572 1499 2622 cinq
1516 2573 1642 2622 pieds,
1659 2584 1748 2612 sur-

338 2640 354 2660 «
375 2628 509 2664 monte
533 2627 649 2665 d'une
676 2629 799 2666 croix.
820 2628 882 2668 En
901 2629 1107 2668 soulevant
1126 2641 1171 2668 sa
1195 2641 1411 2679 conrnune,
1431 2643 1484 2670 on
1501 2632 1558 2671 vit
1575 2633 1614 2671 le
1628 2633 1747 2672 crine

338 2699 354 2718 (ι
378 2695 470 2722 sans
490 2686 682 2724 cheveux.
702 2687 758 2725 Le
777 2688 911 2737 visage
929 2692 970 2726 et
987 2688 1044 2727 les
1063 2689 1193 2727 mains
1216 2690 1365 2728 etoient
1382 2701 1527 2730 encore
1544 2691 1704 2729 entiers.
1729 2705 1746 2726 ι

338 2744 394 2781 La
414 2745 634 2783 ceremonie
654 2746 722 2784 des
740 2747 930 2796 ohseques
950 2752 1019 2786 eut
1036 2748 1115 2786 lieu
1134 2748 1171 2786 le
1189 2749 1235 2786 27
1255 2750 1412 2788 octobre
1433 2750 1539 2788 ¹3⁰7.
