1838 3164
124 267 229 316 1297]
400 271 773 306 CHRONOGRAPEIA
798 272 953 305 mmm!
976 272 1257 307 muconun.
1487 271 1531 309 73

185 352 314 399 Tunc
324 356 621 399 recesserunt
629 348 865 399 exercitus
877 350 1123 414 utriusque
1134 350 1285 415 partis
1293 356 1342 401 et
1354 352 1532 401 reversi

120 431 230 476 sunt
258 427 463 476 Parisius
495 443 582 476 rex
611 426 853 491 Philippus
882 442 939 474 ac
971 426 1154 492 regina,
1187 444 1311 477 uxor
1333 428 1452 495 ejus,
1486 436 1534 478 et

118 519 228 552 cum
272 503 342 553 eis
383 520 583 571 magnus
625 503 758 568 prior
795 502 1167 568 Templariorum
1214 505 1533 572 magisterque

117 580 539 647 Hospitaleriorum
556 596 612 630 ac
628 579 785 629 nuncii
802 579 930 645 regis
946 580 1147 637 Tarsis¹‚
1169 582 1249 646 qui
1268 583 1330 632 ad
1345 583 1534 648 predic-

116 662 190 707 tas
207 662 399 723 treugas
417 654 739 722 impetrandas
753 660 803 704 et
818 654 1167 705 confirmandas
1182 657 1383 707 multum
1401 658 1534 708 labo-

116 738 342 782 raverunt
377 737 426 782 et
454 731 656 782 multum
696 730 1016 797 profecerunt.
1058 734 1297 782 Venerunt
1327 734 1452 783 enim
1485 735 1532 784 in

115 808 381 859 Flandriam
412 807 474 858 ad
515 807 896 874 sepenominatos
935 823 1074 874 reges
1108 814 1158 857 et
1191 809 1432 895 principes
1473 827 1533 860 ex

114 890 250 951 parte
287 884 468 935 Summi
502 884 742 935 Pontificis
778 884 1031 942 Bonefadi,
1070 885 1294 935 nunciare
1333 887 1534 951 qualiter

113 961 435 1013 Christianitas
465 962 771 1012 ultramarina
795 968 897 1012 erat
927 961 1170 1012 destructa
1194 968 1244 1013 et
1267 963 1398 1029 quod
1426 966 1534 1013 Sar-

113 1039 288 1099 raceni,
314 1039 412 1106 jam
436 1038 519 1089 diu
537 1045 656 1098 erat,
685 1056 781 1089 non
806 1039 960 1089 solum
977 1045 1202 1106 ceperant
1226 1057 1393 1091 omnes
1417 1041 1533 1091 civi·

112 1120 233 1166 tates
263 1121 511 1181 castraque
539 1120 588 1165 et
616 1115 908 1165 municiones
933 1132 1027 1181 que
1057 1122 1106 1166 et
1137 1132 1256 1182 quas
1280 1117 1531 1167 Christiani

11 1212 19 1230 2
112 1196 274 1241 tenere
298 1190 513 1241 solebant
536 1192 584 1242 in
609 1208 759 1259 regno
787 1192 1199 1243 Jherosolimitano
1232 1193 1317 1243 sed
1345 1200 1396 1243 et
1418 1194 1533 1243 civi·

16 1271 21 1325 fl
113 1274 258 1319 tatem
290 1270 586 1319 Aconensem
624 1269 789 1319 ultimo
824 1275 1067 1335 ceperant,
1102 1286 1196 1335 que
1234 1276 1337 1320 erat
1374 1270 1530 1322 tocius

17 1371 19 1378 Α
112 1349 254 1396 Terre
282 1346 613 1395 Promissionis
636 1346 782 1396 clavis
806 1352 854 1396 et
879 1346 1072 1397 ostium.
1100 1352 1160 1399 Et
1183 1365 1244 1397 ex
1268 1349 1360 1398 alio
1382 1349 1531 1399 latere

110 1423 247 1474 Turci
262 1423 546 1473 infestabant
563 1429 613 1474 et
631 1423 939 1475 destruebant
955 1442 1155 1492 regnum
1181 1425 1387 1483 Tharais,
1407 1426 1531 1475 scili-

110 1506 186 1550 cet
208 1517 411 1567 regnum
431 1501 652 1551 Armenie
677 1502 891 1551 minoris,
921 1502 994 1551 Hii
1018 1502 1174 1552 nuncii
1201 1503 1531 1568 supplicabant

110 1577 343 1627 ambobus
363 1577 572 1644 regibus,
592 1578 722 1643 quod
747 1594 910 1628 amore
926 1578 1007 1628 Dei
1028 1586 1359 1629 succurrerent
1382 1580 1528 1629 ultra-

109 1654 290 1703 marine
306 1654 657 1711 Christianitati,
673 1671 767 1719 que
784 1654 991 1704 maxime
1011 1655 1350 1706 molestabatur
1371 1674 1398 1704 a
1418 1659 1527 1706 Sar-

15 1748 17 1750 ·
109 1731 291 1781 racenis
312 1748 323 1779 ε
343 1731 404 1780 de
421 1731 789 1796 quibusquidem
803 1731 1027 1796 precibus
1045 1732 1224 1782 nullum
1240 1732 1350 1782 inde
1365 1738 1524 1783 ortum

109 1811 181 1856 est
196 1805 477 1856 remedium.
506 1809 654 1856 Porro
673 1806 787 1856 dicti
810 1807 1148 1873 supplicantes,
1171 1809 1372 1859 firmatis
1396 1816 1528 1859 treu-

109 1883 199 1950 gis,
226 1883 407 1934 reversi
431 1889 559 1942 sunt,
580 1890 634 1934 ut
657 1883 837 1934 dictum
856 1892 945 1943 est,
967 1901 1077 1935 cum
1101 1885 1317 1952 Philippo
1339 1902 1453 1953 rege
1477 1893 1524 1936 et

109 1960 291 2027 regina,
314 1978 464 2011 uxore
490 1978 592 2020 sua,
619 1961 841 2011 Pal-isius.

172 2041 232 2089 Et
261 2039 538 2106 Flammingi
569 2045 901 2089 remanserunt
923 2039 971 2089 in
1003 2039 1238 2099 Flandria,
1266 2040 1389 2090 male
1414 2057 1527 2091 con-

109 2115 224 2165 tenti
251 2115 312 2166 de
338 2115 625 2174 Edowardo‚
654 2133 768 2183 rege
792 2116 1070 2182 Anglorum,
1095 2116 1179 2182 qui
1203 2134 1312 2167 eum
1332 2117 1447 2174 suis,
1477 2123 1529 2167 ut

107 2191 176 2242 eis
197 2192 464 2251 videbatur,
487 2194 627 2243 nimis
647 2194 771 2243 lente
796 2210 848 2243 se
867 2193 1098 2244 habuerat
1112 2200 1276 2244 contra
1299 2197 1524 2253 Francos,

110 2267 262 2318 adhuc
291 2269 438 2318 eciam
470 2285 558 2335 per
590 2269 811 2335 Anglicos
843 2270 1006 2335 pejora
1039 2269 1396 2319 committendo·
1432 2270 1527 2336 Ipsi

110 2360 219 2394 cum
231 2345 526 2396 walensibus
545 2346 776 2405 videnteS,
793 2346 922 2411 quod
942 2362 1028 2396 rex
1044 2347 1209 2412 Anglie
1228 2353 1275 2396 et
1286 2347 1527 2413 principes

160 2503 194 2542 1.
214 2503 250 2542 11
274 2503 386 2554 s'agit
409 2505 477 2544 des
498 2505 797 2544 ambassadeurs
822 2506 873 2543 du
894 2506 952 2544 roi
977 2505 1024 2543 de
1045 2506 1083 2543 la
1107 2506 1228 2554 petito
1246 2504 1451 2544 Armenie.
1472 2506 1525 2544 Ce

109 2562 245 2611 prinea
264 2563 359 2602 §tait
383 2575 435 2603 en
454 2565 640 2604 relations
660 2576 771 2603 assez
798 2565 944 2603 suivies
964 2576 1059 2604 avec
1081 2565 1258 2615 Philippe
1278 2565 1314 2604 le
1336 2565 1406 2604 Bel
1427 2565 1526 2613 (voir

111 2621 135 2659 a
154 2633 198 2659 ce
217 2633 357 2671 propos
381 2625 627 2673 Bibliothhque
645 2626 688 2662 do
715 2618 846 2663 l’E‘colo
870 2626 930 2662 des
952 2626 1109 2671 chortes,
1130 2626 1257 2663 annea
1278 2625 1385 2672 1890,
1406 2630 1435 2662 t.
1456 2625 1523 2672 LI,

110 2690 148 2728 p.
170 2680 242 2725 79).
259 2680 375 2719 Nullo
387 2688 474 2731 part
494 2683 652 2722 ailleurs
666 2694 740 2733 que
760 2683 858 2721 dans
879 2688 991 2721 notre
1012 2683 1242 2733 chronique,
1257 2683 1282 2721 a
1299 2689 1412 2722 notre
1433 2695 1523 2722 con·

113 2738 333 2787 namanes,
357 2751 409 2779 on
428 2741 493 2780 n‘a
511 2742 640 2781 relevo
660 2747 763 2781 cette
783 2742 1010 2781 mediation.
