1838 3164
122 276 228 324 1297]
396 278 769 313 cunonomuruu
794 277 947 312 RBGUH
972 278 1254 313 mucosum
1482 274 1524 312 61

121 363 339 424 receptus
363 363 435 407 est
457 357 716 424 gaudenter
739 362 786 405 et
810 357 1082 406 honorifice.
1110 361 1168 407 Et
1197 357 1307 423 quia
1338 372 1528 406 omnem

119 435 320 500 patriam
335 435 441 500 ipso
462 435 565 501 regi
579 438 866 484 Francorum
883 433 1215 500 subjugaverat
1229 439 1391 500 preter
1403 433 1530 483 Riol-

119 512 230 570 lam,
247 529 339 577 que
356 512 508 561 adhuc
523 527 612 576 pro
626 515 761 575 parte
776 508 904 575 regis
921 510 1179 575 Anglorum
1195 511 1366 569 stabat,
1385 526 1531 576 prop-

118 593 285 654 terque
308 587 578 653 multiplicia
599 603 682 636 sue
700 585 867 635 merita
890 586 1156 651 probitum,
1183 592 1333 637 totam
1357 587 1532 637 advoa-

119 665 238 715 riam
253 665 476 716 Bethunie
492 680 584 729 que
599 662 752 713 suerat
764 661 980 728 predicto
991 663 1200 713 Roberto
1216 664 1531 731 primogenito

118 741 303 791 comitis
327 739 542 790 Flandrie
571 755 631 788 ex
659 738 933 788 advoarissa
960 739 1205 798 Bethunie‚
1238 741 1404 789 matris
1427 757 1529 799 sue,

118 817 208 867 sibi
221 817 410 882 suisque
425 815 775 867 successoribus
788 815 921 865 dedit
931 822 1165 882 perpetuo
1173 815 1529 882 possidendam.

182 898 359 950 Deinde
372 936 385 957 ‚
427 898 579 949 sciens
607 898 735 949 idem
769 915 930 949 comes
962 899 1168 949 Arthesii
1207 898 1336 966 quod
1373 915 1533 949 comes

118 976 432 1035 Nivernensis,
461 976 669 1043 prefatus
698 975 933 1027 Robertus
961 976 1023 1026 de
1054 976 1299 1034 Bethania,
1327 982 1456 1027 esset
1486 978 1532 1026 in

118 1053 243 1114 villa,
270 1053 456 1120 rogavit
478 1069 644 1120 regem
667 1059 720 1103 ut
744 1060 907 1119 posset
929 1053 1057 1119 loqui
1081 1053 1162 1112 illi,
1191 1053 1231 1102 si
1251 1053 1374 1103 forte
1396 1053 1534 1103 vellet

118 1129 320 1180 reddere
345 1130 520 1180 villam.
549 1129 632 1180 Cui
655 1146 741 1179 rex
765 1129 1049 1195 peticionem
1071 1129 1251 1188 annuit,
1279 1130 1534 1196 statimve

118 1222 278 1257 comes
295 1207 489 1257 inermis
513 1206 724 1257 ascendit
744 1206 1024 1272 palefridum
1051 1213 1100 1256 et
1123 1207 1337 1272 perrexit
1364 1223 1533 1257 versus

119 1289 326 1350 portam,
354 1284 540 1350 signum
565 1283 771 1349 prebens
796 1282 856 1333 de
883 1283 1095 1349 capucio.
1124 1286 1253 1333 Tunc
1278 1300 1395 1333 vero
1420 1300 1534 1350 por-

27 1366 30 1368 ’
118 1366 217 1411 tam
234 1362 541 1411 observantes
566 1361 975 1427 interrogaverunt
992 1375 1103 1410 eum
1125 1360 1240 1425 quid
1264 1366 1488 1426 quereret
1517 1378 1527 1409 :

124 1456 147 1484 ι
182 1437 372 1497 Comiti,
407 1437 582 1503 inquit,
619 1436 917 1496 Nivernensi,
950 1437 1079 1503 loqui
1107 1436 1332 1504 deposco.
1365 1456 1387 1484 ›
1416 1439 1533 1488 Cum

118 1514 210 1564 hoc
242 1514 605 1564 denunciaretur
636 1513 795 1563 comiti
825 1514 1124 1572 Nivernensi,
1160 1514 1283 1563 illico
1312 1530 1533 1580 egressus

120 1597 193 1641 est
226 1591 287 1641 de
318 1590 426 1640 villa
456 1596 505 1640 et
537 1589 753 1640 collocuti
782 1596 891 1640 sunt
925 1589 1068 1640 ambo
1097 1590 1296 1640 comites
1327 1590 1532 1640 multum

120 1667 228 1726 diu;
262 1667 347 1718 sed
374 1667 575 1717 finaliter
602 1666 878 1716 concordari
909 1666 1241 1732 nequiverunt.
1272 1669 1533 1734 Regressus

118 1750 192 1795 est
208 1761 323 1812 ergo
337 1761 497 1794 comes
514 1743 812 1794 Nivernensis
827 1743 985 1793 villam
1004 1761 1016 1792 ε
1039 1759 1200 1793 comes
1222 1760 1338 1793 vero
1360 1744 1532 1794 Arthe-

119 1822 175 1872 sii
198 1838 419 1872 reversus
443 1820 594 1871 estad
613 1836 795 1888 regem.

183 1905 268 1955 Hic
282 1905 439 1971 itaque
454 1905 705 1963 imbertus,
728 1904 914 1955 comitis
932 1904 1149 1955 Flandn'e
1166 1905 1528 1971 primogenitus,

119 1999 279 2033 comes
329 1983 630 2033 Nivernensis
679 1983 949 2041 notabatur,
996 1988 1196 2048 propter
1244 1983 1533 2032 comitissam

119 2059 478 2116 Nivernensem‚
512 2059 656 2108 filiam
686 2059 820 2109 ducis
848 2059 1143 2125 Burgundie‚
1175 2075 1319 2125 quam
1351 2059 1534 2109 dudum

120 2137 346 2187 babuerat
368 2153 586 2187 uxorem.
621 2139 672 2185 ln
700 2153 755 2185 ea
779 2136 958 2202 quippe
987 2136 1225 2186 comitissa
1257 2136 1379 2186 duos
1410 2136 1534 2185 filios

120 2214 302 2282 genuit,
334 2213 623 2264 Ludovicum
661 2212 835 2262 scilicet
874 2220 922 2262 et
953 2213 1230 2263 Robertum.
1268 2212 1534 2262 Ludovicus

120 2307 236 2341 vero
263 2289 651 2357 primogenitus¹,
685 2289 876 2356 quando
903 2290 990 2339 hec
1014 2306 1186 2356 guerra
1211 2289 1388 2355 incepit
1410 2289 1533 2339 inter

123 2467 199 2505 Les
218 2465 388 2504 editeurs
412 2471 465 2515 (p.
493 2465 578 2514 232,
599 2477 640 2504 n.
661 2467 699 2509 4)
719 2471 787 2504 ont
805 2466 970 2514 propose
990 2464 1014 2502 ὲ
1033 2469 1110 2503 tort
1131 2464 1179 2502 de
1198 2465 1418 2504 l’identifier
1437 2476 1532 2504 avec

124 2525 250 2564 Hem-i·
273 2525 321 2564 de
347 2525 458 2564 nans
481 2525 563 2575 qui,
592 2536 643 2564 en
669 2525 776 2573 1303,
802 2531 862 2563 est
889 2524 1047 2574 qualifie
1075 2524 1123 2564 de
1149 2525 1334 2564 senet-‚hal
1364 2524 1530 2575 d'Agen.

125 2583 247 2623 Notre
271 2584 484 2634 chronique
517 2583 648 2622 donne
681 2584 717 2622 le
745 2593 838 2621 nom
868 2582 1078 2628 veritah1e;
1109 2583 1204 2622 c'est
1229 2583 1317 2632 plus
1344 2584 1430 2623 tud
1460 2594 1535 2633 que

126 2642 226 2683 Auri
245 2642 457 2683 l'Alemant
475 2643 534 2682 fut
553 2643 749 2682 constitue
768 2643 986 2681 lieutenant
1005 2642 1056 2680 du
1077 2643 1135 2681 roi
1156 2642 1253 2691 (voit
1271 2645 1393 2690 infra,
1414 2654 1452 2691 p.
1473 2642 1534 2689 82,

29 2705 33 2713 “
126 2712 165 2739 n.
189 2701 242 2749 3);
263 2707 303 2739 et
323 2701 356 2739 si
373 2701 412 2739 la
430 2702 638 2749 chronique
658 2702 862 2739 normands
886 2700 1015 2740 donne
1042 2700 1093 2739 ici
1119 2711 1191 2740 son
1215 2711 1325 2748 nom,
1352 2701 1447 2740 c’est
1467 2712 1536 2750 par

127 2771 204 2799 une
225 2760 430 2798 confusion
449 2771 558 2799 assez
576 2760 804 2809 explicable.

175 2821 209 2858 1.
230 2820 348 2858 Louis
376 2820 441 2867 1⁸¹,
468 2819 528 2857 fils
560 2820 648 2857 aine
679 2819 726 2857 de
758 2819 903 2858 Robert
934 2819 1014 2868 111,
1039 2826 1167 2858 comte
1198 2820 1246 2858 de
1277 2820 1466 2868 mandre,
1495 2827 1534 2856 et
