1838 3164
97 325 318 374 1284-1285]
370 329 742 364 cunonoompnu
766 328 921 376 nacon
944 304 1224 362 amucoam't.
1454 323 1497 360 ¹9

93 410 441 476 Neapolitanam
464 410 633 460 urbem
663 415 827 459 contra
852 408 1031 457 Siculos
1054 408 1299 474 pugnavit.
1327 411 1379 457 ln
1403 424 1499 472 quo

91 486 284 552 quidem
315 488 464 554 prelio
491 488 667 545 victus,
696 491 863 552 captus
893 491 967 534 est
996 484 1121 533 idem
1147 485 1363 544 Karolus,
1391 501 1500 535 cum

90 563 249 614 multis
273 563 552 614 bellantibus
570 561 709 614 viris*
721 601 732 612 .
754 565 812 612 Et
831 578 927 612 non
946 562 1147 612 multum
1165 566 1291 627 post,
1314 561 1502 627 predio-

89 646 167 690 tus
190 657 275 690 rex
300 640 498 691 Karolus
515 639 644 689 venit
665 638 725 689 ad
749 644 941 704 portum
965 643 1176 704 pretacte
1200 638 1501 703 Neapolitane

89 716 273 776 urbis²;
298 717 380 782 qui
403 732 513 766 cum
536 716 677 766 sciret
698 731 793 781 que
816 714 1084 765 acciderant
1106 714 1204 764 filio
1223 730 1328 773 suo,
1352 714 1500 764 iratus

88 799 162 843 est
177 793 330 853 valde,
353 809 623 859 quanquam
647 792 875 859 sagaciter
893 810 921 842 a
939 792 1132 843 dextm³
1152 792 1353 858 fingeret
1370 790 1501 856 quod

87 870 326 920 modicum
355 870 597 921 cumhnt‘.
626 869 804 920 Deinde
827 886 962 928 vero,
991 868 1160 935 spiritu
1191 868 1500 918 animositatis

84 953 352 1012 assumpto,
391 947 747 1013 prenominatus
786 962 873 996 rex
911 945 1134 1004 Kar-olus,
1178 960 1288 995 cum
1328 944 1500 995 comite

82 1023 399 1074 Attrebatensi
423 1029 473 1074 et
495 1029 599 1074 toto
623 1023 833 1073 exercitu
859 1039 946 1073 suo
969 1022 1291 1072 transfretavit
1314 1022 1362 1071 in
1386 1021 1501 1071 Sici-

83 1099 239 1158 liam⁵‚
270 1117 414 1167 quam
444 1117 532 1167 per
558 1100 766 1151 medium
793 1105 1064 1166 penetrans,
1093 1099 1295 1149 vastavit
1319 1098 1427 1165 igne
1450 1104 1499 1148 et

83 1177 215 1228 cede.
243 1177 335 1227 Sed
364 1178 411 1227 in
436 1178 511 1227 illa
536 1177 861 1243 expedicione,
889 1176 1091 1227 adversa
1114 1175 1369 1227 valitudine
1392 1191 1500 1225 cor-

83 1260 266 1320 reptus,
297 1255 551 1320 quamdam
579 1255 900 1305 infirmitatem
925 1254 1139 1313 incurrit,
1164 1270 1307 1320 quam
1331 1254 1499 1304 celavit

83 1330 264 1382 diucius
287 1348 431 1398 quam
458 1332 639 1398 potuit;
668 1332 729 1382 de
758 1348 852 1398 qua
880 1331 1072 1382 tandem
1102 1336 1318 1382 mortuus
1347 1336 1417 1380 est
1449 1331 1497 1380 in

81 1409 381 1475 Neapolitana
406 1409 525 1459 urbe
548 1410 662 1459 sua⁸
687 1426 743 1459 ac
767 1409 980 1475 sepultus
998 1425 1121 1459 anno
1141 1407 1324 1458 Domini
1344 1406 1400 1457 ιο
1416 1414 1497 1457 cc‘

81 1485 371 1551 octogesimo
395 1491 582 1551 quarto.

145 1562 347 1611 Historia
362 1562 587 1612 recitatur
597 1561 740 1628 digna
755 1561 984 1611 memorie
996 1561 1057 1611 de
1071 1561 1163 1611 isto
1176 1577 1288 1627 rege
1301 1561 1490 1618 Karolo‚

81 1637 235 1704 primo
256 1638 395 1705 hujus
418 1638 620 1688 nominis
646 1638 693 1687 in
717 1654 867 1704 regno
885 1637 1095 1703 Neapoli,
1117 1637 1199 1703 qui
1225 1637 1311 1687 suit
1334 1653 1495 1687 comes

0 1739 3 1743 ·
79 1714 431 1782 Andegavensis
467 1722 516 1765 et
550 1731 749 1782 regnum
781 1714 1030 1781 acquisivit
1057 1714 1315 1764 donacione
1347 1717 1490 1780 pape,

78 1797 131 1841 ut
155 1791 333 1843 dictum
355 1798 429 1843 est
452 1809 613 1859 supra.
642 1795 754 1842 Post
781 1792 914 1859 cujus
944 1792 1324 1858 acquisicionem‚
1356 1808 1494 1841 vaca-

77 1867 147 1918 vit
170 1869 418 1919 comitatus
436 1868 496 1919 de
514 1871 729 1920 Cat-serta
750 1869 878 1935 (πῶς
898 1876 947 1919 et
965 1869 1042 1919 illa
1059 1869 1156 1928 die,
1178 1886 1290 1936 rege
1305 1869 1492 1919 volente

77 1944 254 1996 intrare
275 1946 335 1997 ad
360 1945 719 2006 dormicionem,
741 1963 863 1996 unus
887 1946 1022 1996 miles
1043 1946 1103 1996 de
1125 1946 1315 2013 Neapoli
1335 1947 1492 2012 quesi-

123 2101 158 2139 1.
179 2101 232 2139 Le
253 2101 406 2141 combat
427 2101 484 2139 fut
504 2101 601 2140 livre
622 2102 658 2139 le
678 2102 700 2140 5
716 2101 803 2151 iuin
824 2102 929 2140 1284.
952 2102 1084 2150 Roget
1095 2101 1143 2139 de
1155 2102 1271 2140 Loris
1290 2113 1489 2140 comman-

75 2158 156 2198 dait
179 2159 218 2198 la
235 2160 343 2198 ssotts
370 2160 564 2199 eunomia.
591 2161 707 2209 (Gesta
726 2162 891 2209 Phia-’ppt’
913 2162 979 2204 ΙΙΙ,
1003 2163 1140 2199 Histor.
1161 2163 1205 2198 do
1234 2163 1308 2206 Fr„
1332 2168 1358 2199 t.
1389 2162 1486 2211 XX,

75 2229 113 2268 p.
135 2217 218 2267 526,
236 2224 276 2257 et
294 2219 517 2259 Guillaume
535 2219 690 2268 Guium,
711 2221 815 2264 ibid..
839 2226 868 2258 t.
891 2220 1030 2265 XXII.
1050 2232 1087 2269 p.
1106 2220 1191 2268 212,
1207 2231 1295 2259 vers
1314 2221 1427 2260 12337
1448 2227 1487 2259 et

78 2277 287 2322 suivants.)

122 2336 158 2374 2.
180 2335 326 2382 Quam
348 2337 457 2387 jours
483 2339 596 2387 apros
622 2338 660 2376 la
684 2342 845 2388 capture
870 2338 918 2376 de
941 2349 1012 2377 son
1033 2339 1108 2387 fils,
1128 2338 1289 2378 Charles
1316 2339 1485 2389 d'Anjou

75 2393 316 2444 dobarquait.

123 2452 158 2491 3.
180 2451 291 2491 Getta
309 2453 534 2503 expression
551 2454 632 2492 doit
652 2454 827 2503 signifiat
847 2468 856 2492 z
879 2457 1134 2493 adroitemont.

121 2511 156 2548 4.
178 2510 398 2550 Guillaums
429 2512 476 2550 de
507 2513 658 2563 Nangis
683 2513 832 2562 signato
858 2514 895 2551 la
921 2514 1091 2553 violento
1117 2514 1245 2553 colere
1269 2515 1321 2552 du
1347 2516 1404 2554 roi
1435 2516 1482 2553 de

74 2569 207 2617 Sicile,
228 2569 328 2608 mais
346 2581 396 2609 ne
420 2570 476 2609 dit
498 2582 568 2621 pas
590 2572 683 2621 qu'il
702 2572 797 2612 l’eut
819 2573 1059 2612 dissimules.
1083 2574 1198 2622 (Gesta
1221 2576 1387 2623 Philippi
1411 2577 1478 2620 ΙΙΙ,

71 2631 208 2668 Hister.
230 2631 274 2667 ds
293 2631 368 2675 Fr„
390 2635 420 2669 t.
440 2631 539 2679 XX,
557 2643 596 2681 p.
618 2632 716 2679 526.)

120 2689 154 2727 5.
177 2688 343 2727 Suivant
362 2688 582 2729 Guillaume
601 2690 648 2728 ds
668 2691 832 2740 Nangis,
853 2691 888 2730 le
908 2696 1035 2730 comte
1055 2690 1228 2731 d‘Artois
1247 2693 1343 2732 etait
1355 2693 1442 2743 ddja
1457 2694 1480 2732 ὲ

74 2747 238 2797 Reggio,
258 2753 297 2786 et
317 2748 411 2786 c’est
430 2748 467 2786 la
486 2759 562 2799 quo
580 2760 653 2788 son
671 2751 784 2789 oncle
803 2751 840 2788 le
864 2751 1057 2801 rsjoignit.

121 2807 156 2846 6.
177 2807 338 2847 charles
357 2808 526 2858 d'Anjou
545 2815 701 2848 mourut
721 2811 756 2847 le
776 2812 796 2847 7
813 2811 969 2859 janvier
989 2811 1080 2850 1285
1099 2811 1123 2850 εὶ
1142 2812 1300 2862 Boggia.
