1838 3164
165 257 377 306 1277-1278]
437 259 810 295 onnonoaumm
835 259 989 293 REGUH
1012 257 1291 292 nanceium.
1524 255 1563 292 1¹

160 341 260 391 sive
281 340 653 391 chambellanum
680 355 836 389 suum.
867 338 1067 397 Deinde,
1100 339 1164 388 ob
1196 338 1342 387 multa
1372 338 1570 387 servicia

160 417 248 467 sibi
284 423 526 483 gratanter
562 417 795 482 impensa,
838 415 885 463 in
922 421 1178 480 conspectu
1215 414 1482 481 principum
1522 420 1570 464 et

157 493 318 559 populi
337 493 556 543 eumdem
573 491 905 559 magnificavit,
923 496 1065 555 atque
1081 491 1247 541 ditavit
1262 491 1386 540 villis
1403 497 1450 541 et
1467 507 1571 542 cas-

157 571 245 620 tris
274 568 658 635 quamplurimis,
692 567 985 631 finaliterque
1008 567 1230 616 exaltavit
1253 584 1362 617 eum
1387 568 1436 617 in
1467 573 1572 617 tan·

158 654 260 697 tum
283 645 559 704 dominium,
581 644 711 711 quod
733 643 937 694 babebat
955 644 1211 702 annuatim,
1236 644 1333 693 fere
1351 645 1425 694 bis
1445 645 1571 695 mille

158 722 349 772 libratas
372 729 499 772 terre
523 728 573 772 et
596 722 657 771 de
681 722 819 771 bonis
837 721 1107 779 mobilibus,
1130 722 1262 787 quasi
1281 721 1343 770 ad
1362 722 1571 771 valorem

156 805 345 849 centum
380 798 558 848 milium
599 798 827 848 librarum
868 798 1214 864 parisiensium.
1258 801 1374 847 Nam
1417 799 1570 847 cuncti

155 874 357 925 barones
376 876 586 934 Francie,
608 875 671 925 ob
696 875 925 925 honorem
949 875 1108 942 Regis,
1136 874 1338 924 multum
1364 875 1572 924 letaban-

155 957 234 1002 tur
248 951 508 1002 dummodo
527 959 719 1018 possent
738 952 895 1002 eidem
912 952 973 1002 de
996 952 1133 1001 bonis
1158 951 1367 1018 propriis
1391 952 1566 1018 largiri.

156 1033 360 1095 Eratque
387 1029 447 1078 de
474 1028 790 1079 secretissimo
811 1030 1004 1079 consilio
1028 1029 1174 1095 regis,
1202 1030 1265 1078 ita
1289 1029 1438 1095 quod,
1466 1029 1572 1078 licet

154 1106 392 1172 principes
431 1112 479 1157 et
517 1106 720 1156 barones
749 1122 913 1155 veram
946 1106 1234 1156 sentenciam
1272 1106 1320 1155 in
1360 1106 1570 1156 medium

156 1189 486 1248 personarent,
533 1199 700 1232 eorum
741 1183 969 1233 sententie
1011 1199 1097 1232 rex
1138 1183 1429 1249 gratulanter
1472 1200 1568 1232 non

156 1259 428 1317 adherebat,
458 1258 546 1309 nisi
577 1259 703 1309 idem
727 1261 893 1309 Petrus
921 1258 990 1309 eis
1014 1265 1269 1309 vooetenus
1298 1260 1426 1309 ultro
1456 1276 1570 1309 oon-

156 1341 364 1385 sonaret.

220 1421 342 1468 Dum
367 1417 509 1484 igitur
532 1417 660 1468 idem
684 1422 850 1469 Petrus
874 1419 923 1468 in
947 1418 1027 1468 tali
1051 1418 1369 1468 dominatione
1400 1419 1572 1468 existe-

155 1500 250 1553 ret,
293 1495 480 1545 diabolo
520 1502 825 1562 suggerente,
867 1496 1034 1545 invidit
1068 1496 1261 1545 domine
1301 1512 1409 1553 sue,
1450 1497 1572 1546 scili-

155 1578 231 1621 cet
254 1572 414 1638 regine
443 1572 600 1631 Marie,
631 1588 689 1621 eo
712 1571 843 1638 quod
867 1587 953 1621 rex
978 1578 1161 1622 tantum
1185 1572 1409 1638 diligebat
1437 1589 1567 1630 eam;

154 1648 419 1714 timensque
456 1665 516 1698 ne
551 1665 638 1699 rex
675 1654 875 1715 propter
906 1664 1011 1698 eam
1043 1648 1286 1699 secederet
1319 1649 1380 1699 ab
1409 1666 1570 1699 amore

153 1725 277 1791 ejus,
318 1725 513 1791 protulit
549 1725 597 1775 in
637 1726 830 1775 auribus
868 1726 996 1792 regis
1036 1726 1166 1791 quod
1212 1726 1300 1775 bec
1345 1726 1571 1776 intoxica-

153 1808 287 1852 verat
311 1802 617 1862 Ludovicum,
645 1803 794 1853 fllium
825 1819 962 1853 suum
990 1803 1358 1870 primogenitum
1382 1810 1431 1853 et
1455 1804 1571 1854 alios

154 1878 323 1931 fratres
354 1879 455 1946 ejus
485 1879 744 1929 intoxicare
772 1880 1088 1946 proponebat,
1120 1886 1173 1929 ut
1204 1880 1284 1929 filii
1317 1881 1398 1946 qui
1425 1897 1485 1929 ex
1516 1898 1570 1930 ea

152 1962 475 2015 nascerentur,
505 1956 812 2006 suoeederent
842 1956 890 2006 in
919 1973 1140 2023 regnum.
1171 1956 1302 2007 Unde
1332 1973 1418 2006 rex
1449 1957 1570 2007 mul-

151 2038 254 2083 tum
285 2034 464 2099 stupuit
487 2039 535 2083 et
558 2040 717 2083 motus
740 2051 767 2083 a
792 2039 923 2083 tanto
947 2039 1111 2083 contra
1136 2034 1367 2100 reginam,
1396 2051 1455 2083 an
1478 2034 1567 2083 boc

151 2116 276 2160 esset
294 2126 461 2160 verum
483 2110 733 2178 diligenter
756 2110 1021 2176 inquisivit;
1052 2111 1361 2177 pluribusque
1390 2111 1568 2160 intero-

149 2185 287 2251 gatis,
318 2202 439 2251 quos
470 2186 711 2252 predictus
739 2189 907 2236 Petrus
938 2186 1007 2235 rei
1036 2186 1283 2236 veritatem
1312 2187 1436 2236 scire
1466 2188 1566 2253 regi

151 2262 484 2330 insignuerat¹,
501 2264 745 2331 repperuit
764 2280 867 2323 rex,
883 2263 1013 2328 quod
1026 2266 1193 2313 Petrus
1214 2264 1431 2330 nequiter
1443 2265 1567 2331 regi-

152 2355 261 2389 nam
272 2346 589 2392 aocusaverat.
604 2345 861 2407 Propterea
870 2340 917 2390 in
931 2341 1152 2407 capcione
1165 2341 1293 2408 regis
1306 2342 1566 2392 incarcera-

153 2418 229 2463 tus
255 2420 302 2464 et
331 2415 391 2465 ad
414 2422 700 2475 extremum,
729 2416 788 2466 ad
814 2422 1083 2482 requestam
1108 2424 1359 2483 parentum
1380 2418 1562 2485 regine,

151 2490 198 2540 in
238 2491 447 2556 patibulo
486 2493 654 2544 Montis
690 2493 899 2543 Falconis
939 2500 1011 2543 est
1046 2510 1320 2561 suspensus.
1358 2498 1411 2544 ln
1445 2495 1563 2545 bora

197 2675 230 2712 1.
253 2674 305 2712 Ge
330 2680 426 2724 mot,
444 2687 519 2727 que
538 2676 616 2715 l'on
635 2682 862 2716 retrouvera
884 2678 971 2726 plus
990 2678 1086 2726 loin,
1105 2683 1166 2717 est
1183 2678 1362 2734 tonJours
1380 2679 1559 2731 employa

150 2743 244 2772 avec
264 2734 300 2771 le
320 2745 412 2773 sens
429 2734 482 2774 du
499 2735 669 2788 stancais
690 2734 878 2775 imnuer.
