1838 3164
361 265 426 302 176
630 265 1001 300 cunouocmmu
1028 265 1180 300 noun
1203 264 1484 300 ΜΟΟΙυΙ.
1654 264 1759 312 [¹³07

356 363 439 395 rex
453 344 643 394 intravit
656 342 850 402 ibidem,
865 344 1077 410 factaque
1092 343 1379 403 reverencia,
1393 346 1517 410 Papa
1525 346 1764 412 amplexa-

355 429 430 471 tus
453 426 502 469 et
523 419 760 470 osculatus
782 425 856 469 est
878 435 988 470 eum
1012 419 1059 468 in
1079 435 1181 477 ore,
1204 424 1251 468 et
1270 418 1347 468 alii
1365 419 1605 487 principes
1627 438 1764 473 osm-

354 498 430 547 lati
452 503 562 547 sunt
579 513 771 548 manum
790 497 892 564 ejus
915 515 926 547 :
949 503 1179 563 captaque
1201 496 1412 556 licencia,
1437 514 1523 547 rex
1543 514 1764 549 mersus

355 580 427 623 est
443 574 502 623 ad
528 573 793 641 hospicium
811 590 966 624 suum.

416 650 592 700 Deinde
622 653 747 717 Papa
771 651 934 701 volens
964 667 1127 718 regem
1159 651 1409 711 honorare,
1438 651 1625 719 rogavit
1653 667 1763 702 eum

351 727 571 793 quatinus
587 728 771 778 veniret
795 745 1020 795 pransum
1044 745 1204 779 secum
1223 729 1271 778 in
1290 729 1461 795 palatio
1477 727 1607 795 quod
1626 729 1761 779 novi-

349 810 423 855 ter
440 811 767 855 construxerat
783 823 794 854 :
810 822 895 855 rex
914 822 1048 871 ergo,
1066 805 1155 855 hoc
1166 822 1410 865 concesso,
1434 806 1479 856 in
1498 805 1762 856 watinum

350 882 479 931 venit
499 898 608 931 cum
632 882 897 931 hominibus
921 882 1020 931 suis
1041 881 1102 932 ad
1125 883 1485 935 conducendum
1508 885 1704 950 Papam.

413 961 536 1024 Papa
557 975 670 1008 vero
691 958 932 1023 equitabat
955 974 1101 1008 unum
1119 958 1279 1010 album
1296 959 1580 1026 palefridum
1601 966 1651 1010 et
1666 959 1764 1010 ibat

350 1051 510 1085 coram
535 1035 612 1084 illo
637 1035 830 1100 quidam
849 1035 1058 1094 scutifer,
1079 1052 1251 1102 gerens
1271 1037 1554 1103 papilionem
1580 1053 1764 1103 purpu-

350 1127 484 1160 reum
496 1128 640 1177 super
659 1127 799 1160 unam
816 1111 1023 1161 lanceam
1032 1111 1047 1142 ¹
1064 1130 1077 1170 ;
1096 1111 1296 1162 Karolus
1309 1118 1466 1162 autem
1483 1112 1545 1163 de
1557 1112 1759 1172 Veianio,

349 1190 494 1238 frater
518 1188 662 1255 regis,
691 1188 880 1238 tenebat
904 1189 1090 1238 frenum
1115 1188 1225 1255 equi
1252 1192 1376 1256 Pape
1405 1188 1467 1239 ab
1490 1206 1587 1240 uno
1616 1189 1763 1240 latere

349 1271 397 1314 et
427 1265 487 1314 ab
512 1265 602 1314 alio
628 1267 810 1324 Petrus,
840 1282 1000 1316 comes
1029 1265 1313 1316 Britannie2.
1342 1270 1443 1317 Rex
1469 1282 1605 1327 vero,
1633 1282 1764 1317 asso-

348 1342 495 1391 ciatus
519 1341 677 1391 multis
699 1342 892 1407 prelatis
915 1349 963 1393 et
987 1342 1298 1409 principibus,
1320 1343 1608 1409 sequebatur
1629 1359 1758 1395 eum.

411 1422 532 1467 Dum
557 1419 684 1468 enim
708 1419 928 1469 transiret
952 1437 1039 1486 per
1063 1419 1319 1486 quemdam
1347 1420 1523 1480 vinnm,
1549 1420 1632 1471 ubi
1659 1427 1762 1471 erat

346 1512 509 1546 murus
519 1502 772 1562 coopertus
782 1497 942 1547 multis
953 1497 1223 1548 hominibus
1235 1497 1295 1547 ad
1308 1497 1568 1549 videndum
1579 1501 1756 1564 Papam

346 1579 393 1622 et
406 1589 588 1639 regem,
602 1580 650 1623 et
663 1582 822 1624 essent
832 1590 891 1624 ex
903 1573 1106 1624 adverso
1121 1574 1242 1624 muri
1257 1574 1396 1635 illius,
1410 1591 1575 1626 murus
1592 1574 1761 1626 cecidit

345 1666 440 1700 uno
463 1651 642 1717 impetu
660 1667 807 1717 super
827 1651 1049 1701 comitem
1071 1651 1327 1710 Britannie‚
1349 1653 1431 1719 qui
1456 1651 1648 1703 tenebat
1665 1651 1761 1702 fre-

346 1745 460 1779 num
489 1730 597 1795 equi
621 1733 763 1796 Pape,
790 1730 873 1795 qui
897 1747 991 1779 non
1017 1731 1174 1780 statim
1198 1747 1258 1780 ex
1283 1731 1374 1780 hoc
1400 1736 1619 1781 mortuus
1640 1735 1716 1780 est
1742 1747 1754 1778 ε

343 1805 427 1855 sed
456 1806 588 1871 prius
616 1809 742 1872 Papa
766 1806 967 1856 absolvit
990 1823 1099 1856 eum
1123 1824 1151 1856 a
1174 1823 1298 1872 pena
1322 1813 1370 1856 et
1394 1807 1548 1873 culpa.
1576 1804 1756 1857 Deinde

343 1899 447 1942 rex,
464 1883 720 1950 negociatis
730 1883 857 1950 apud
870 1887 1046 1950 Papam
1061 1882 1381 1950 negociandis,
1403 1900 1511 1934 cum
1530 1883 1622 1933 hiis
1636 1897 1759 1949 quos

344 1975 504 2010 secum
530 1959 732 2010 duxerat
754 1961 984 2011 remeavit
1004 1962 1266 2010 Franciam.
1655 2007 1657 2009 ,

407 2041 517 2087 Post
541 2038 674 2104 cujus
692 2054 956 2098 reversum,
979 2044 1211 2088 venerunt
1228 2037 1289 2087 ad
1312 2052 1422 2086 eum
1445 2035 1757 2102 archiepisco-

342 2131 431 2179 pus
455 2116 848 2175 Cantuariensis³‚
877 2119 1140 2182 Haymarus
1164 2115 1224 2165 de
1249 2115 1480 2172 valencia,
1507 2130 1668 2164 comes
1690 2114 1754 2165 de

391 2243 425 2279 1.
447 2242 522 2279 Les
546 2244 750 2280 Anciennos
778 2244 998 2290 chronique:
1026 2245 1068 2280 de
1093 2244 1251 2280 manare
1275 2243 1384 2288 (Hist.
1404 2243 1447 2279 de
1466 2244 1542 2286 Fr„
1563 2247 1595 2280 t.
1615 2241 1771 2290 xxn„

342 2312 378 2349 p.
401 2301 497 2349 397),
520 2301 586 2350 qui
615 2302 770 2340 suivent
796 2301 1020 2340 fidelement
1048 2307 1161 2340 notro
1189 2301 1418 2351 chronique,
1441 2301 1617 2349 ajoutant
1640 2301 1693 2340 ici
1717 2301 1754 2339 le

341 2359 458 2396 detail
478 2359 634 2398 suivant
656 2373 664 2397 :
689 2374 706 2395 α
727 2360 778 2398 Et
795 2360 942 2399 aloient
959 2366 1048 2398 tous
1068 2360 1125 2398 les
1144 2371 1306 2408 set-gens
1325 2360 1348 2397 ὲ
1366 2360 1506 2398 macho
1527 2373 1545 2394 ι
1569 2360 1754 2407 (certains

342 2418 578 2455 manuscrits
598 2417 751 2455 disent:
771 2432 789 2453 ι
803 2418 880 2456 Les
899 2417 1073 2456 archiers
1092 2418 1115 2454 a
1135 2418 1258 2466 piet...
1278 2419 1309 2465 »)
1332 2432 1350 2452 ι
1372 2428 1501 2456 armez
1521 2428 1572 2456 en
1590 2418 1753 2467 pleynes

345 2489 362 2510 α
383 2487 512 2514 armes
531 2476 554 2513 a
573 2476 635 2525 pie
655 2482 796 2515 entour
814 2478 896 2527 luy.
921 2491 937 2513 ι

388 2536 425 2572 2.
446 2535 568 2573 Notre
601 2535 865 2584 chroniqueur
892 2540 1062 2574 commet
1095 2535 1257 2573 l'erreur
1282 2535 1331 2572 de
1358 2545 1538 2573 nommer
1564 2536 1690 2572 Diam
1716 2535 1752 2572 le

341 2600 468 2632 comte
481 2593 528 2631 de
543 2593 756 2643 Bretagne‚
771 2595 874 2632 alors
893 2593 986 2643 qu’il
1003 2594 1202 2642 s'appelait
1214 2595 1321 2631 Jcan.
1337 2593 1412 2632 Les
1424 2593 1630 2632 Aramum
1647 2595 1751 2631 dum-

339 2656 468 2700 niques
491 2655 534 2690 de
558 2655 718 2691 Flandro
745 2659 815 2691 ont
844 2652 1040 2702 reproduit
1066 2653 1103 2690 la
1131 2654 1261 2690 meme
1289 2653 1406 2690 faute.
1434 2654 1584 2699 (Hister.
1604 2653 1648 2689 de
1669 2653 1746 2698 Pr„

340 2717 369 2749 t.
392 2712 530 2759 XXII,
551 2724 589 2760 p.
611 2712 707 2758 397.)

390 2771 424 2809 3.
445 2772 590 2810 Robert
612 2771 888 2822 Winchelsey.
