1838 3164
113 275 218 322 1310]
388 278 758 313 CHRONOGRAPmA
783 280 937 313 mecm(
962 280 1240 315 muconmt.
1445 279 1507 315 18¹

109 364 235 408 trum
266 357 354 407 loci
379 358 501 407 illius
529 358 627 408 suis
652 357 861 407 vestibus
891 359 1141 423 spoliatum
1172 359 1470 410 osculabatur
1498 379 1508 408 :

110 436 265 503 primo
296 436 343 485 in
376 436 643 486 summitate
675 435 811 500 spine
834 434 964 484 dorsi
996 437 1115 502 ejuS,
1144 438 1278 503 juxta
1304 438 1514 487 foramen

109 516 297 572 nature,
334 513 504 563 deinde
538 512 583 561 in
618 511 836 561 umbilico
870 517 919 560 et
950 519 1192 577 postremo
1223 515 1270 563 in
1306 531 1405 564 ore.
1442 515 1515 565 Ad

107 588 323 638 ultimum
352 605 486 647 vero,
514 588 616 654 ipse
639 587 868 653 profitens
895 604 1119 657 unacum
1146 591 1389 656 magistro,
1417 591 1515 640 suis

108 665 316 715 vestibus
334 665 568 720 reinduto,
591 663 752 712 exiens
769 663 830 713 de
856 664 934 713 illo
958 664 1137 723 abdito,
1161 682 1326 715 omnes
1346 667 1515 717 fratres

107 747 304 808 propter
327 742 418 792 hoc
435 746 762 807 congregatos,
792 740 839 791 in
862 757 946 790 ore
970 758 1058 807 per
1081 741 1299 791 ordinem
1316 742 1515 793 deoscu-

107 818 305 867 labatur.
333 816 584 867 Dicebatur
607 816 773 874 eciam,
801 823 847 866 et
873 817 940 866 sic
963 824 1357 885 recognoverunt,
1385 820 1513 884 quod

110 894 428 959 unusquisque
447 892 508 943 de
533 893 678 943 fratre
699 910 786 943 suo
811 910 900 960 pro
925 911 1012 944 suo
1035 894 1185 952 libito,
1209 895 1311 946 vice
1331 896 1509 952 uxoris,

106 969 337 1020 sodomite
362 968 598 1019 utebatur.

168 1045 474 1097 Postmodum
507 1052 682 1105 autem,
718 1047 766 1096 id
797 1054 870 1096 est
897 1064 1020 1098 anno
1049 1048 1103 1098 ιο
1126 1048 1234 1100 ccc⁰
1257 1048 1325 1105 1⁰,
1354 1065 1514 1099 mense

105 1140 269 1190 mayo,
310 1123 466 1189 primo
499 1123 700 1173 Parisius
730 1124 776 1172 in
814 1123 961 1173 insula
998 1127 1166 1175 Nostre
1198 1125 1394 1175 Domine
1427 1143 1515 1192 per

0 1211 6 1252 k
103 1200 510 1266 archiepiscopum
538 1202 856 1251 Senonensem
888 1201 1227 1268 quinquaginta
1258 1218 1430 1252 novem
1454 1203 1514 1253 de

104 1278 220 1343 ipsis
231 1277 521 1343 Templariis‚
535 1277 658 1327 inter
670 1295 791 1343 quos
804 1285 907 1328 erat
926 1279 1151 1346 magister
1163 1286 1211 1328 et
1228 1280 1360 1345 prior
1370 1281 1515 1331 totius

109 1354 290 1405 ordinis
313 1371 496 1413 eorum,
531 1355 706 1405 scilicet
730 1355 952 1405 dominus
985 1355 1248 1406 Ludovicus
1278 1357 1338 1406 de
1366 1359 1515 1408 Bello-

0 1405 3 1460 s
100 1433 230 1500 joco¹
241 1471 252 1490 ‚
270 1438 514 1498 compater
523 1433 650 1499 regis
660 1433 858 1499 Philippi
870 1451 884 1491 ;
903 1433 1130 1491 secundo,
1147 1450 1309 1484 mense
1322 1435 1510 1493 eodem,

105 1511 350 1561 Silvanecti
387 1511 604 1569 concilio,
647 1527 736 1577 per
785 1514 1064 1562 Remensem
1110 1512 1513 1578 archiepiscopum

104 1587 381 1645 Robertum,
415 1603 576 1636 secum
612 1586 949 1636 adsistentibus
986 1587 1130 1636 totius
1160 1587 1372 1653 ejusdem
1402 1605 1514 1654 pro-

104 1663 255 1713 vincie
276 1664 509 1729 episcopis
533 1668 581 1713 et
603 1663 869 1721 abbatibus,
898 1664 1151 1721 celebrato,
1183 1680 1355 1713 novem
1385 1682 1514 1714 com-

106 1741 229 1791 busti
263 1746 372 1789 sunt
392 1738 730 1804 sollempniter,
753 1739 814 1788 ad
840 1739 1052 1804 ipsorum
1073 1747 1250 1790 sectam
1269 1758 1513 1792 enormem

104 1824 152 1868 et
166 1818 442 1868 memoriam
454 1817 809 1884 perhempniter
822 1817 1165 1877 detestandam,
1182 1820 1284 1869 aliis
1299 1820 1513 1886 pluribus

103 1894 163 1943 de
192 1893 308 1961 ipsis
338 1893 672 1960 penitentibuS‚
700 1911 850 1959 usque
880 1894 940 1944 ad
970 1902 1173 1945 mortem
1205 1896 1251 1944 in
1283 1896 1509 1953 cathenis,

103 1970 412 2038 compedibus
435 1975 483 2020 et
501 1970 772 2020 carceribus
791 1972 1061 2020 reservatis.

170 2047 375 2098 Tandem
417 2063 533 2096 vero
572 2054 681 2113 post
723 2047 894 2096 multas
942 2048 1334 2114 inquisi[ti]ones‚
1382 2050 1513 2099 audi-

105 2125 256 2175 tiones
303 2130 351 2174 et
391 2124 709 2173 confessiones
757 2124 970 2189 ipsorum
1013 2125 1406 2191 Templariorum,
1454 2126 1513 2176 de

106 2202 326 2251 mandato
344 2201 455 2251 dicti
474 2201 650 2250 domini
671 2201 920 2252 Clementis
932 2205 1057 2266 Pape
1075 2201 1138 2252 vu
1156 2202 1300 2252 factas
1319 2209 1367 2252 et
1383 2203 1514 2252 audi-

106 2285 177 2329 tas
200 2295 288 2346 per
308 2278 514 2344 prelatos
538 2278 671 2344 regni
698 2278 889 2328 Francie
910 2294 1018 2327 cum
1044 2279 1280 2345 magistris
1309 2279 1355 2328 in
1382 2280 1514 2329 theo-

104 2355 227 2422 logia
256 2355 532 2405 multociens
556 2355 758 2405 Parisius
789 2361 1116 2422 congregatos,
1144 2356 1444 2421 presentibus
1467 2364 1514 2406 et

106 2432 253 2498 ipsius
275 2431 452 2482 domini
482 2434 606 2498 Pape
637 2432 831 2481 notariis
858 2437 904 2480 et
930 2432 1118 2490 nuntiis,
1145 2432 1295 2482 dictas
1319 2433 1514 2499 inquisi-

107 2509 281 2566 tiones,
318 2508 577 2558 auditiones
612 2515 660 2558 et
698 2508 1016 2559 confessiones
1051 2509 1108 2557 ad
1151 2509 1328 2559 dictum
1362 2510 1514 2559 domi-

108 2602 223 2635 num
253 2589 427 2651 Papam
453 2585 781 2644 referentibus,
810 2586 910 2651 ipse
943 2585 1162 2636 dominus
1193 2589 1334 2652 Papa,
1361 2587 1513 2637 dictos

160 2744 193 2781 l.
215 2743 265 2781 Ge
286 2755 377 2782 nom
402 2749 462 2783 est
481 2755 560 2783 une
581 2755 727 2783 erreur.
749 2744 810 2783 On
832 2746 905 2783 sait
925 2757 999 2795 que
1017 2746 1162 2796 Jaques
1181 2747 1230 2784 de
1251 2747 1379 2796 Molay
1400 2747 1456 2783 fut
1477 2747 1511 2783 le

112 2803 266 2841 dernier
285 2804 406 2853 grand
425 2806 562 2842 maitre
581 2805 631 2842 du
650 2805 822 2853 Temple.
