1838 3164
300 248 346 286 26
579 242 950 279 ΟΗΒΟΝΟΟΒΛΡΒΙΛ
978 241 1129 275 REGU!
1155 240 1433 276 fflNGORUU.
1597 239 1705 285 11285

366 334 529 379 Postea
566 341 681 374 vero
716 327 1003 373 Francorum
1038 338 1123 379 rex
1156 320 1411 386 Philippus,
1441 337 1549 371 cum
1577 321 1705 372 omni

299 404 505 456 exercitu
532 399 909 467 peregrinorum,
931 398 1147 447 transivit
1171 403 1374 456 montes,
1402 396 1625 448 hastan-do
1646 397 1707 447 de

301 479 573 532 Rouxillone
609 475 729 525 duce
765 481 815 524 et
851 474 1015 539 previo
1051 474 1121 523 sui
1159 472 1394 523 exercitus
1431 473 1705 538 preeuntc¹.

300 557 477 617 Quibus
516 552 787 609 transactis,
828 551 999 600 famem
1038 557 1135 600 tam
1174 549 1375 599 validam
1414 549 1461 599 in
1500 550 1708 600 exercitu

301 648 465 682 omnes
490 630 829 687 sustinuerunt,
858 626 986 693 quod
1010 626 1090 676 vix
1115 626 1413 693 reperiebant
1438 624 1553 691 quid
1577 641 1710 676 man-

299 709 542 759 ducarent.
569 705 744 757 Deinde
770 705 1098 771 equitaverunt
1122 720 1368 769 quousque
1394 709 1712 769 pervenemnt

299 791 407 835 ante
442 784 793 840 Petramlatam,
830 797 972 847 quam
1002 780 1161 830 statim
1191 782 1466 845 ceperunt²‚
1493 796 1552 830 eo
1580 778 1710 845 quud

300 863 584 912 habitatores
616 860 734 926 ejus,
763 874 940 924 pavore
972 857 1129 915 soluti,
1165 872 1331 907 omnes
1356 857 1572 923 fugerant
1601 871 1709 906 cmn

300 938 519 989 omnibus
543 954 635 1002 que
658 934 940 985 habebant&
966 936 1254 983 Francorum
1275 950 1391 983 vero
1413 948 1527 999 rege
1552 947 1713 983 coram

300 1015 527 1065 Petralata
558 1029 665 1063 cum
702 1011 911 1061 exercitu
945 1027 1032 1060 suo
1071 1016 1248 1069 stante,
1285 1010 1526 1076 Philippus
1562 1009 1714 1075 major

301 1092 423 1141 filius
446 1091 563 1157 ejus,
587 1090 669 1155 qui
693 1094 796 1138 erat
820 1104 906 1137 rex
930 1091 1135 1137 Navarre
1159 1103 1218 1136 ex
1246 1092 1380 1152 parte
1414 1086 1578 1136 uxoris
1607 1102 1710 1145 sue,

301 1168 394 1216 filie
427 1167 644 1216 videlicet
679 1166 801 1214 bone
833 1164 1061 1213 memorie
1101 1163 1314 1221 Henrici,
1350 1167 1556 1214 Navarre
1587 1162 1716 1229 regis

302 1244 579 1308 comitisque
616 1241 891 1306 campanie,
927 1256 1070 1305 quam
1105 1239 1309 1290 duxerat
1343 1255 1568 1298 uxorem,
1605 1255 1715 1290 mm

302 1336 471 1385 magna
495 1319 697 1368 militum
718 1323 767 1367 et
790 1322 1082 1367 armatorum
1099 1317 1252 1381 copia,
1273 1316 1442 1367 invasit
1460 1314 1716 1382 quamdam

303 1397 459 1446 villam
482 1413 574 1462 que
592 1394 850 1445 vocabatur
873 1393 1037 1460 gallice
1056 1393 1266 1457 Fiqiereae
1283 1409 1302 1442 .·
1329 1393 1414 1444 sed
1438 1393 1503 1443 illi
1527 1392 1589 1443 de
1607 1391 1717 1444 villa

304 1473 462 1524 statim
485 1490 537 1524 se
563 1472 881 1523 submiserunt
904 1470 1013 1520 illi⁴.

369 1553 483 1601 Cum
518 1554 676 1599 autem
707 1564 793 1598 rex
817 1547 1059 1611 Philippus
1089 1546 1294 1612 cepisset
1322 1546 1484 1612 plures
1507 1546 1641 1598 villas
1668 1551 1719 1597 et

306 1627 586 1678 munitiones
622 1626 850 1691 pluraque
886 1628 1039 1672 castra
1074 1629 1122 1672 et
1159 1622 1408 1682 fortalicia,
1444 1622 1576 1674 venit
1609 1627 1718 1673 ante

306 1703 577 1761 Girondam,
596 1702 833 1752 civitatem
850 1700 1168 1758 fortissimam,
1185 1716 1328 1765 quam
1344 1716 1438 1750 una
1454 1715 1565 1750 cum
1580 1715 1719 1751 cxcv

306 1782 399 1830 citu
430 1797 516 1830 suo
546 1778 792 1828 confestim
822 1782 1041 1842 potenter
1067 1776 1298 1826 obsedit⁵.
1330 1778 1479 1827 Porro
1501 1775 1719 1828 victualia

307 1857 432 1923 regis
454 1862 501 1905 et
525 1855 625 1921 ejus
649 1853 884 1903 exercitus
903 1859 1038 1902 erant
1060 1852 1120 1901 ad
1146 1858 1339 1917 portum
1363 1853 1424 1902 de
1451 1853 1606 1911 Rosis,
1636 1852 1718 1919 qui

307 1934 506 1983 multum
531 1930 734 1982 distabat
757 1929 817 1978 ab
842 1929 972 1979 eis⁶2
996 1945 1106 1979 nam
1125 1945 1234 1980 cum
1251 1930 1525 1988 afferentur,
1551 1932 1721 1980 Petrus

360 2070 390 2104 1.
412 2068 473 2105 En
493 2067 598 2114 effet„
614 2066 650 2104 le
670 2064 807 2103 hatard
825 2064 873 2102 de
893 2064 1136 2112 Roussillon‚
1159 2065 1279 2103 seuve
1303 2064 1383 2102 lors
1406 2064 1476 2102 des
1499 2075 1720 2105 manacta

308 2127 458 2172 d'EIne,
478 2135 643 2175 proposa
661 2124 709 2163 de
728 2124 824 2162 faire
842 2134 977 2172 passer
996 2123 1176 2168 Parmae:
1197 2134 1251 2162 on
1270 2128 1338 2162 eut
1363 2123 1567 2162 confiance
1587 2134 1639 2163 en
1664 2123 1720 2161 lui

309 2191 348 2223 et
367 2186 394 2223 il
414 2185 490 2222 tint
509 2195 554 2221 sa
572 2193 783 2232 promesse.
805 2182 908 2220 C'est
924 2183 963 2220 la
984 2183 1141 2221 version
1160 2182 1228 2220 des
1248 2183 1352 2221 Gesta
1370 2184 1536 2230 Philippi
1554 2184 1622 2222 111.

357 2245 392 2282 2.
415 2244 468 2281 M.
489 2242 629 2280 Ch.-V.
652 2241 835 2291 Langlois
855 2252 879 2280 a
896 2242 1051 2280 monti-e
1065 2253 1140 2290 que
1154 2242 1191 2280 le
1204 2242 1310 2290 siege
1322 2241 1372 2280 de
1386 2241 1603 2290 Peyralatla
1615 2253 1719 2281 com·

310 2314 450 2353 menea
470 2303 506 2339 le
527 2301 570 2340 14
588 2301 676 2350 juin
694 2311 744 2339 au
763 2301 851 2349 plus
869 2300 956 2339 tard
975 2303 1024 2349 (p.
1047 2301 1129 2347 158,
1149 2311 1191 2338 n.
1211 2301 1262 2343 2).

359 2363 394 2400 3.
415 2361 505 2399 Ceci
532 2365 591 2398 est
618 2359 817 2398 conforme
845 2370 896 2398 au
923 2359 1022 2398 re'eit
1051 2359 1099 2397 de
1124 2359 1349 2398 Guiuaume
1377 2359 1426 2398 de
1454 2359 1627 2409 Nausia,
1652 2360 1719 2409 qui

313 2421 440 2469 ajoute
460 2417 677 2457 seulement
695 2418 847 2467 quoles
872 2417 1030 2466 myst-ds
1053 2417 1255 2456 hrfflerent
1281 2419 1318 2456 la
1343 2418 1434 2456 ville
1460 2423 1579 2456 avam
1602 2417 1651 2457 de
1676 2429 1720 2458 ιο

313 2478 463 2518 retiret.

360 2538 396 2575 4.
419 2537 492 2575 Les
512 2537 616 2574 Gesta
636 2537 799 2583 Philippi
815 2537 876 2574 111
897 2535 1113 2585 n’ajoutent
1140 2546 1272 2573 aucun
1296 2535 1415 2573 detail
1439 2536 1463 2573 a
1488 2537 1527 2574 la
1544 2535 1720 2576 mention

313 2595 361 2632 de
380 2599 442 2632 cet
461 2594 707 2632 evenement.
729 2595 883 2636 (Hister.
902 2594 947 2631 do
963 2595 1040 2636 Fr„
1063 2598 1093 2631 t.
1115 2593 1214 2641 XX,
1233 2605 1272 2642 p.
1293 2593 1394 2636 532.)

363 2655 396 2691 5.
419 2653 565 2691 Girone
583 2652 642 2689 fut.
661 2652 829 2691 investie
848 2652 885 2691 le
903 2652 949 2691 27
966 2652 1068 2701 juin.

333 2754 336 2758 ,
363 2713 398 2750 6.
421 2711 539 2749 Solon
558 2710 779 2749 Guillaume
798 2710 846 2748 de
864 2710 1016 2759 Naugis
1031 2712 1183 2756 (Hister.
1203 2713 1246 2749 do
1258 2713 1335 2756 Fr„
1349 2717 1378 2749 t.
1395 2711 1494 2759 XX,
1512 2723 1550 2760 p.
1571 2711 1670 2760 534),
1682 2712 1719 2751 k
