1838 3164
127 315 232 364 1297]
401 318 772 354 canonocmtpnu
797 318 951 352 unul!
975 317 1255 353 meolam.
1483 313 1529 352 59

122 396 427 448 incenderent
449 396 608 447 villam
634 396 696 447 de
718 396 923 455 Raisse¹,
957 397 1232 448 Eustachius
1261 396 1322 447 de
1342 397 1531 447 Hellen-

118 474 308 541 ghien2,
332 474 465 525 miles
484 479 702 530 strenuus
718 473 805 523 sed
828 473 1068 538 antiquus,
1094 481 1269 524 etcum
1288 491 1346 524 eo
1364 490 1531 540 quam·

119 551 281 617 plures
298 551 374 602 alii
390 551 578 608 milites,
591 550 808 600 exierunt
819 549 879 598 de
898 552 1056 599 Duaco
1073 556 1123 600 et
1141 551 1364 601 audacter
1380 550 1532 601 irrue-

118 633 231 680 runt
253 628 301 680 in
325 631 529 678 Francos
556 643 568 676 ε
596 625 905 692 probiterque
930 642 981 675 se
1010 626 1276 676 habuerunt
1305 644 1367 677 ex
1396 633 1532 692 parte

120 704 518 771 Flammingorum
563 702 776 768 poefatus
824 702 1123 760 Eustachius,
1170 703 1426 753 Famelicus
1467 703 1532 754 du

119 784 246 833 Rues
273 786 322 831 et
353 779 581 831 Heuricus
609 779 671 829 de
699 781 988 845 Nausceyo⁸.
1026 779 1138 838 Sed,
1172 780 1533 845 superveniente

119 862 407 909 Francorum
424 857 739 917 multitudine,
758 857 907 907 coacti
930 857 1105 907 suntin
1124 861 1332 907 Duacum
1351 873 1534 907 ressor·

117 935 225 986 tire.
260 938 313 986 In
341 951 439 1001 quo
466 939 704 985 retroactu
735 934 1029 986 intraverunt
1060 951 1222 985 secum
1248 934 1295 984 in
1322 937 1532 985 Duacum

116 1011 311 1077 quidam
331 1011 504 1062 milites
528 1016 577 1061 et
599 1010 835 1061 domicelli
858 1011 919 1062 de
942 1011 1150 1069 Francis,
1172 1016 1393 1076 putantes
1412 1014 1533 1061 Dua-

116 1104 226 1140 cum
261 1094 450 1154 captam
481 1104 604 1139 esse.
643 1091 761 1138 Nam
793 1095 995 1155 propter
1024 1105 1249 1154 magnum
1286 1088 1532 1155 pulverem

117 1181 264 1232 quem
297 1166 406 1232 equi
447 1165 520 1217 sui
555 1164 814 1225 faciebant,
851 1165 1112 1216 amiserunt
1145 1165 1303 1216 visum
1337 1181 1533 1216 suorum

119 1241 417 1293 vexillorum.
438 1241 507 1292 Ibi
525 1242 718 1293 Odonus
739 1242 800 1292 de
817 1244 1076 1293 Cortenaco
1094 1258 1203 1292 mm
1217 1242 1308 1292 alio
1326 1242 1534 1309 quodam

121 1318 266 1368 milite
281 1324 330 1368 et
351 1334 517 1368 eorum
536 1319 786 1378 scutiferis,
809 1319 1053 1384 querendo
1066 1325 1115 1369 et
1132 1319 1347 1369 vocando
1360 1336 1534 1385 preno-

118 1395 347 1446 minatum
373 1396 680 1446 marescalum
709 1396 920 1455 Fraude,
949 1413 1092 1462 quem
1116 1396 1347 1462 putabant
1370 1396 1419 1445 in
1447 1396 1534 1445 vil-

118 1471 212 1522 lam
237 1471 459 1530 intrasse,
486 1473 721 1538 perempti
748 1478 875 1523 sunt.
900 1476 959 1523 Et
982 1473 1092 1539 quia
1119 1472 1247 1523 idem
1270 1473 1374 1523 Odo
1397 1472 1534 1522 valde

118 1548 291 1599 nobilis
323 1549 467 1599 homo
501 1555 550 1598 et
580 1549 642 1599 de
674 1565 848 1616 genere
879 1549 1043 1616 regine
1076 1553 1364 1599 Francorum
1396 1549 1534 1598 valde

117 1625 415 1691 propinquus
438 1631 556 1684 erat,
583 1626 644 1676 de
669 1631 825 1675 morte
848 1627 950 1690 ejus
978 1625 1251 1676 Guillelmus
1278 1625 1535 1676 Flandren-

117 1701 185 1751 sis
206 1701 407 1752 multum
430 1702 630 1752 indoluit
655 1720 666 1750 ε
695 1703 829 1766 cujus
854 1718 1030 1767 corpus
1054 1718 1164 1752 cum
1187 1702 1290 1753 aliis
1313 1702 1363 1753 in
1382 1703 1535 1753 elaus-

117 1783 194 1827 tro
211 1781 429 1828 Fratrum
446 1778 801 1828 Predicatorum
819 1778 927 1828 fecit
951 1779 1234 1829 inhumari⁴.

181 1856 311 1905 Tunc
326 1871 516 1921 quoque
530 1855 791 1922 Philippus,
811 1872 972 1907 comes
990 1856 1051 1906 de
1068 1857 1359 1907 Bellomonte
1379 1858 1534 1922 Roge-

165 2025 200 2064 1.
221 2024 393 2072 Raches,
412 2023 535 2073 Nord,
556 2035 634 2063 arr.
655 2030 695 2064 et
713 2030 859 2065 centon
878 2025 926 2064 de
945 2025 1086 2065 Douai.

162 2083 200 2123 2.
219 2083 255 2122 11
279 2087 340 2121 est
363 2084 444 2122 tres
471 2083 643 2122 douteux
670 2095 745 2133 que
774 2096 820 2122 ce
844 2096 1090 2134 personnage
1116 2085 1193 2124 soit
1218 2085 1320 2123 celui
1349 2095 1425 2135 que
1454 2086 1533 2124 l’on

115 2146 254 2186 trouve
272 2140 502 2181 mentionne
528 2141 625 2181 dans
651 2142 821 2181 l'extrait
839 2142 998 2181 suivant
1020 2156 1028 2180 :
1053 2155 1070 2179 ι
1092 2142 1290 2181 Henricus
1309 2142 1357 2180 de
1383 2142 1533 2181 Bituris

115 2205 156 2239 et
179 2200 382 2240 Johannes
406 2199 560 2248 Butel,
590 2201 808 2240 servientes
836 2212 1049 2249 armorum,
1070 2212 1140 2251 pro
1168 2201 1247 2240 fine
1275 2202 1445 2251 compoti
1470 2202 1534 2240 sui

43 2272 48 2275 ’
116 2259 164 2299 de
182 2259 364 2309 expensis
383 2259 495 2298 factis
520 2259 747 2299 adducendo
767 2261 943 2299 Pax-isius
967 2260 1016 2300 de
1041 2261 1208 2310 Brugis,
1235 2260 1460 2310 Philippum
1486 2261 1534 2300 de

117 2318 406 2369 wasagum,
430 2318 598 2358 militem
622 2325 662 2358 et
686 2325 767 2358 tres
794 2320 999 2359 scutiferos
1029 2326 1163 2368 captos
1190 2330 1282 2358 cum
1306 2330 1369 2368 eo,
1395 2319 1470 2368 exij
1499 2331 1530 2357 s.

117 2389 143 2417 v
162 2377 198 2416 d.
220 2389 274 2428 p„
295 2383 400 2418 cont.
415 2389 485 2428 per
502 2389 544 2417 se
565 2379 684 2428 ipsos.
706 2392 724 2414 ι
747 2378 809 2423 (ἳο
830 2378 972 2417 ῐόπίοι·
994 2379 1103 2427 1300,
1117 2390 1157 2417 n.
1180 2383 1230 2417 st.
1243 2399 1292 2409 —
1308 2378 1411 2417 Bibl.
1433 2384 1532 2427 nat„

118 2435 313 2485 lat.9·183,
333 2437 398 2476 fol.
421 2437 467 2477 10
492 2444 554 2487 r·.)
572 2458 621 2467 -
641 2437 709 2485 (Cf.
731 2439 895 2476 Annales
921 2439 1139 2482 Gandemes,
1162 2437 1292 2486 Pertz,
1315 2437 1531 2486 Scriptores,

116 2500 147 2534 t.
170 2495 285 2544 XVI,
303 2507 342 2545 p.
363 2495 448 2545 563,
467 2501 509 2535 et
525 2496 629 2535 Bibl.
651 2501 751 2546 nat„
772 2497 894 2547 franc.
919 2497 1051 2546 10365,
1072 2497 1139 2536 fol.
1160 2498 1204 2536 11
1226 2497 1288 2543 τ’.)

165 2554 200 2593 3.
222 2554 279 2592 La
300 2555 508 2604 chronique
526 2557 732 2595 nominatio
750 2567 910 2595 nomme
931 2567 998 2595 ces
1017 2556 1120 2595 deux
1138 2566 1406 2605 personnages
1427 2569 1436 2593 :
1457 2570 1475 2591 ι
1497 2556 1532 2594 le

117 2613 302 2662 seigneur
328 2613 376 2653 de
405 2613 520 2654 Reux
545 2626 621 2665 que
646 2626 698 2654 ou
725 2615 918 2654 nommoit
942 2615 977 2653 le
1004 2615 1241 2664 Famelleur,
1265 2619 1306 2654 et
1328 2615 1467 2664 Hem-y
1484 2614 1532 2653 de

117 2672 246 2711 Nasso
268 2685 285 2709 ι
309 2672 358 2722 (p.
380 2671 432 2722 3).

165 2732 201 2770 4.
222 2731 278 2770 Cf.
300 2734 413 2770 Iseon
430 2736 465 2770 ot
482 2735 677 2781 cront'qm
694 2735 738 2772 de
757 2735 929 2779 flandr-o,
952 2733 1130 2782 puhliees
1147 2745 1218 2782 par
1237 2733 1275 2773 le
1292 2733 1416 2773 baton
1435 2734 1531 2773 Ker-

120 2800 199 2838 vyn
218 2788 266 2828 de
285 2789 542 2837 bettenhove,
562 2795 592 2829 t.
612 2791 647 2840 1,
666 2803 701 2840 p.
724 2792 808 2839 213,
831 2804 870 2830 n.
895 2794 928 2830 1.
945 2792 1067 2830 Notre
1087 2792 1184 2830 tecit
1202 2787 1262 2830 es‘t
1281 2792 1368 2841 plus
1387 2792 1528 2840 precis.
