1838 3164
87 317 194 366 ¹303]
364 319 739 354 cunonomurma
765 317 919 351 nonu
943 315 1225 350 mucosum.
1450 312 1496 348 95

86 401 196 466 quia
217 399 368 467 magis
387 400 577 449 fervore
594 397 691 447 odii
712 411 857 461 quam
878 395 1065 460 justicie
1089 394 1350 461 procedere
1369 393 1499 443 vide-

182 478 311 528 tur¹.

87 478 307 628 batSluper
343 560 434 611 hoc
471 565 630 609 tamen
672 556 803 607 idem
850 559 976 621 Papa
1023 555 1142 605 duas
1183 555 1501 622 promulgavit

87 638 347 689 decretales
385 656 397 687 ε
440 652 583 687 unam
613 650 708 701 que
741 638 816 683 est
850 632 970 683 tituli
1007 650 1019 681 :
1059 633 1117 682 de
1152 635 1500 684 renunciatione

86 715 209 765 libro
233 714 315 782 vj⁰‚
343 714 392 763 in
417 730 510 780 qua
533 717 607 762 est
631 711 921 761 declaratum
951 711 1200 759 Summum
1229 710 1501 759 Pontificem

0 791 11 865 ᾗ
84 791 350 843 renunciari
390 806 533 856 posse
576 794 626 838 et
665 787 1075 838 renunciacionem
1121 785 1235 835 dicti
1283 786 1501 836 celestini

0 875 11 918 {³
84 866 476 926 tenuisse;aliam
493 881 588 931 que
605 870 681 914 eet
695 864 846 914 tituli:
868 863 1153 913 doscismate
1171 861 1342 911 eodem
1358 861 1498 921 libro,

85 943 287 1011 qualiter
312 941 530 991 videlicet
558 941 669 991 dicti
694 939 791 990 duo
822 939 1100 998 cardinales,
1129 944 1358 1003 tanquam
1387 938 1503 987 scis-

85 1019 260 1079 matici,
286 1019 473 1070 fuerant
496 1037 525 1068 a
550 1017 839 1069 cardinalatu
862 1022 911 1067 et
933 1016 1061 1067 omni
1087 1016 1269 1067 honore
1292 1021 1342 1065 et
1364 1014 1502 1064 bonis

85 1097 289 1165 depositi
307 1102 355 1147 et
373 1096 562 1163 privati.
586 1099 638 1145 ln
663 1100 846 1145 tantum
866 1094 1018 1144 eciam
1037 1094 1228 1144 fuerunt
1247 1092 1373 1143 dicta
1393 1091 1502 1142 odia

85 1180 356 1243 aggravata,
390 1173 522 1240 quod
555 1173 713 1223 dictus
746 1189 833 1223 rex
867 1171 1080 1230 Francie,
1114 1170 1380 1222 faventibus
1412 1169 1502 1218 sibi

86 1251 223 1303 dictis
249 1252 437 1303 duobus
463 1250 779 1302 cardinalibus
802 1255 852 1300 et
873 1265 1043 1299 eorum
1073 1248 1254 1307 amicis,
1282 1246 1503 1297 eumdem

85 1329 385 1380 Bonefacium
416 1329 464 1379 in
494 1328 723 1396 Anagnia,
751 1328 856 1377 loco
889 1327 1085 1395 originis
1114 1343 1217 1385 sue,
1245 1324 1328 1376 ubi
1353 1324 1504 1390 magis

85 1411 243 1457 tutum
266 1423 371 1456 esse
394 1405 637 1464 credebat,
665 1405 770 1472 capi
796 1404 907 1455 fecit
932 1410 982 1455 et
1005 1409 1198 1470 captum
1224 1402 1392 1460 teneri,
1421 1401 1503 1467 qui

0 1484 18 1543 ῑζὲ
85 1501 114 1534 a
145 1483 222 1534 die
258 1483 385 1535 dicte
419 1483 657 1550 capcionis
691 1488 863 1541 ΠΝ,
896 1498 984 1548 pre
1016 1497 1187 1548 magna
1224 1478 1421 1529 tristicia
1455 1484 1504 1527 et

0 1576 12 1606 ‘a
86 1561 250 1611 dolore
275 1561 513 1628 migravit,
542 1560 760 1610 videlicet
790 1560 839 1609 in
870 1559 1008 1609 urbe.
1041 1562 1153 1609 Post
1176 1573 1321 1623 quem
1356 1556 1504 1605 frater

85 1637 351 1696 Nicholaus‚
380 1636 560 1687 ordinis
586 1639 803 1685 Fratrum
826 1634 1197 1691 medicatorum,
1225 1650 1253 1682 a
1277 1630 1502 1681 fratribus

86 1713 134 1763 in
152 1716 327 1780 Papam
346 1719 418 1763 est
442 1718 730 1779 assumptus,
752 1711 834 1779 qui
851 1710 1132 1761 Benedictus
1151 1713 1250 1760 XF·
1269 1714 1343 1759 eet
1361 1723 1503 1758 voca-

85 1795 180 1851 tus,
208 1795 261 1840 ut
285 1789 464 1840 dictum
487 1796 560 1840 est
584 1790 777 1856 supra⁸.

148 1873 364 1923 Flandria
391 1872 585 1940 quidem
616 1873 828 1931 subacta,
854 1888 910 1921 ac
934 1871 982 1920 in
1011 1887 1154 1920 manu
1177 1869 1305 1937 regis
1335 1869 1502 1919 imme·

84 1949 208 2000 diate
234 1950 369 2016 quasi
399 1951 559 2016 spacio
591 1949 798 2000 duorum
825 1964 1058 1999 annorum
1090 1947 1285 2014 pacifice
1312 1963 1501 2012 perma-

4 2054 18 2091 :ss
84 2032 243 2086 neate,
278 2026 469 2078 interim
504 2026 707 2077 lacobus
739 2026 800 2076 de
839 2028 1011 2075 Sancto
1047 2024 1207 2082 Paulo,
1248 2039 1502 2089 supremus

10 2120 18 2174 g
85 2104 372 2171 gubernator
398 2103 632 2162 mandrie,
660 2103 818 2153 taliter
846 2109 895 2153 et
925 2102 973 2151 in
1004 2102 1085 2151 tali
1109 2101 1231 2160 loeo,
1261 2100 1391 2167 quod
1414 2117 1501 2150 rex

8 2211 20 2250 s
86 2180 387 2242 sibidixerat,
403 2181 644 2232 castellum
662 2181 916 2231 Insullense
930 2179 1144 2230 fundavit
1157 2186 1206 2229 et
1218 2179 1499 2236 construxit,

86 2259 415 2327 reparavitque
433 2261 571 2326 plura
589 2259 797 2309 castella⁸
810 2275 895 2309 seu
909 2258 1176 2316 fortalicia⁸,
1191 2257 1312 2307 sicut
1324 2256 1504 2307 cassel-

134 2444 169 2483 1.
191 2442 249 2483 Cf.
271 2444 479 2493 chronique
493 2443 542 2482 de
554 2444 780 2483 Guillaume
793 2443 840 2482 de
854 2443 891 2482 N
893 2442 1005 2492 angis
1021 2444 1062 2490 (t.
1079 2441 1114 2490 Ι,
1127 2452 1165 2490 p.
1183 2441 1265 2489 314)
1282 2445 1322 2479 et
1337 2441 1501 2479 Grandes

86 2501 316 2549 ohroncquoe
334 2503 376 2549 (t.
402 2502 451 2551 V,
471 2514 508 2552 p.
533 2503 630 2550 135).

132 2562 170 2601 2.
190 2561 301 2600 Getta
320 2561 497 2601 damiete
514 2563 655 2612 phrase
679 2573 703 2600 a.
721 2563 783 2600 ete
804 2562 958 2611 aj0utee
985 2561 1098 2610 apres
1119 2570 1232 2608 coup.
1254 2558 1358 2598 Rieu
1386 2558 1434 2596 de
1456 2569 1501 2596 ce

86 2621 183 2660 recit.
201 2628 251 2658 ne
269 2620 393 2669 figure
410 2621 508 2661 dans
526 2622 583 2661 les
600 2623 805 2661 Aneiennss
825 2623 1046 2668 chronique*
1067 2621 1111 2658 de
1130 2620 1307 2658 Blandi-0.

136 2679 171 2718 3.
192 2679 246 2718 Ge
265 2680 331 2729 qui
350 2680 430 2719 suit
447 2686 507 2719 est
525 2682 680 2720 &sume
699 2692 769 2730 par
789 2681 827 2719 la
847 2682 1057 2727 chronique
1078 2680 1286 2717 norman&
1306 2679 1356 2727 (p.
1380 2678 1452 2726 16).

135 2740 170 2777 4.
190 2739 253 2777 En
272 2740 399 2777 meme
418 2745 545 2789 temps
561 2739 680 2790 qu'on
705 2740 877 2778 sortifiait
897 2740 954 2777 les
981 2740 1192 2785 chateaux,
1217 2749 1269 2775 on
1296 2737 1500 2775 demanio-

13 2824 27 2851 Γ
91 2797 159 2836 lait
190 2799 247 2836 les
272 2798 383 2836 villos
413 2812 422 2836 :
455 2813 473 2834 ι
500 2798 691 2838 Baldoino
721 2799 769 2837 de
798 2798 952 2837 Planln
982 2809 1051 2847 pro
1082 2797 1282 2836 diruendis
1314 2796 1435 2845 portis
1461 2786 1504 2833 'et

0 2846 45 2924 ξ’)
