1838 3164
291 296 336 333 30
567 293 936 328 cunouoomu’uu
963 293 1115 327 amma
1141 290 1422 325 mucetum.
1586 286 1694 333 [¹285

290 376 526 427 veniencia
568 390 659 440 que
699 378 918 438 poterant
957 371 1171 428 evenire,
1218 368 1469 435 proposuit
1505 367 1694 435 regredi

290 460 338 503 et
365 453 526 502 venire
553 450 838 509 Narbonem,
865 449 945 500 ubi
974 449 1160 499 volebat
1189 446 1460 514 hyemre¹.
1494 447 1695 512 Ipsoque

289 534 576 587 revertente,
604 528 727 578 aeris
756 527 1060 594 intemperies
1090 531 1217 575 tanta
1253 524 1339 574 suit
1373 529 1420 573 et
1453 522 1696 573 inundatio

288 608 571 674 pluviarum,
594 611 646 656 ut
664 621 750 671 pre
769 605 910 655 nimia
929 603 1291 661 humectatione,
1315 600 1488 651 cibaria
1507 599 1698 666 deperi-

285 689 392 732 rent
416 689 464 732 et
487 682 718 732 innumeri
743 682 944 732 diversis
968 679 1143 730 morbis
1168 678 1435 729 laborantes
1462 676 1653 727 obirent
1680 693 1692 725 ε

289 765 413 808 terra
438 774 640 823 namque
664 759 727 807 ita
749 758 902 807 mollis
922 758 1083 807 effecta
1108 761 1198 814 est,
1221 754 1350 820 quod
1375 770 1462 804 nec
1484 752 1698 819 equitare

287 852 371 884 nec
396 835 605 902 peditare
632 835 778 884 nostri
805 834 864 883 de
889 834 1098 884 exercitu
1118 833 1347 882 valerent.

352 916 478 962 Tunc
510 912 638 962 idem
669 928 754 960 rex
790 911 1031 976 Philippus
1069 909 1211 959 etiam
1251 907 1385 976 gravi
1427 907 1698 957 infirmitate

286 995 532 1055 correptus
571 994 660 1038 est.
699 992 846 1038 Porro
885 1004 993 1037 cum
1026 993 1176 1045 terra,
1216 984 1508 1036 cessantibus
1540 984 1695 1050 aquis,

285 1066 545 1131 aliqualiter
563 1065 777 1115 indurata
801 1071 944 1124 esset,
966 1081 1051 1113 rex
1070 1064 1199 1113 venit
1223 1061 1586 1128 Perpignianum
1612 1059 1697 1110 ubi

286 1149 500 1192 mortuus
515 1149 605 1199 est,
623 1142 759 1191 etatis
775 1158 858 1191 sue
877 1141 1011 1191 annis
1030 1141 1092 1207 xlj
1113 1139 1361 1205 eompletis
1370 1139 1407 1197 ²,
1427 1138 1699 1203 relinquens

286 1218 345 1267 de
377 1219 537 1284 regina
567 1235 716 1268 uxore
747 1235 830 1267 sua
863 1218 1004 1267 Maria
1038 1215 1267 1273 secunda,
1300 1230 1394 1280 que
1424 1220 1525 1263 erat
1561 1229 1701 1263 soror

285 1294 481 1359 pretacti
503 1294 637 1344 ducis
658 1294 931 1354 Brabancie,
957 1293 1146 1343 unicum
1167 1293 1315 1343 filium
1336 1298 1386 1342 et
1403 1290 1523 1341 duas
1540 1290 1660 1340 filins
1682 1307 1694 1339 τ

284 1371 406 1420 filius
424 1370 680 1420 vocabatur
698 1369 961 1420 Ludovious
985 1376 1032 1419 et
1058 1369 1145 1420 fuit
1163 1385 1324 1419 oonies
1343 1367 1695 1426 Ebroioensis²;

285 1447 434 1513 major
452 1447 654 1497 filiarum
672 1446 796 1496 diota
822 1453 896 1496 est
916 1446 1118 1496 Blancha
1142 1452 1191 1495 et
1214 1446 1362 1495 altera
1386 1435 1693 1512 margarete&

258 1562 261 1563 γ
283 1524 484 1574 Allatum
503 1530 576 1573 est
592 1530 751 1573 autem
765 1540 940 1589 eorpus
955 1523 1092 1589 hujus
1108 1523 1235 1590 regis
1249 1521 1449 1588 Philippi
1466 1539 1494 1571 a
1508 1520 1699 1572 duobus

283 1601 388 1650 filiis
417 1601 514 1650 suis
540 1617 600 1650 ex
628 1600 879 1659 Elizabeth‚
909 1600 1062 1666 prima
1087 1616 1238 1650 uxore
1262 1616 1364 1658 sua,
1392 1614 1560 1648 sorore
1582 1596 1696 1647 dieti

282 1679 407 1727 Petri
430 1678 490 1727 de
514 1669 793 1744 Ari-agonia,
815 1677 1030 1743 Philippo
1048 1677 1266 1727 videlieet
1288 1682 1337 1726 et
1366 1675 1559 1734 Karolo,
1585 1690 1696 1724 mm

282 1755 382 1804 aliis
411 1755 627 1820 pluribus
659 1754 915 1804 baronibus
947 1754 1233 1820 prelatisque
1264 1759 1313 1803 et
1343 1752 1446 1802 aliis
1470 1751 1692 1810 parisius,

281 1847 335 1879 ac
371 1831 418 1880 in
457 1831 650 1880 ecclesia
689 1831 960 1881 monasterii
997 1830 1151 1880 Sancti
1191 1829 1384 1879 Dionisii
1422 1828 1696 1895 Ariopagite

275 1907 411 1972 juxta
422 1914 608 1973 patrem
623 1925 779 1967 suum,
796 1914 955 1958 sancte
972 1907 1199 1957 memorie
1215 1906 1525 1964 Ludovioum,
1544 1906 1696 1955 hono-

328 2061 361 2097 1.
384 2060 436 2097 M.
457 2060 604 2098 Ch.-V.
627 2061 811 2110 Langlois
835 2060 891 2099 dit
915 2070 990 2110 que
1011 2060 1046 2098 le
1066 2070 1179 2108 camp
1196 2058 1341 2098 devant
1360 2058 1508 2096 Gitone
1529 2057 1587 2095 lut
1607 2056 1694 2095 leve

283 2119 318 2156 le
339 2119 382 2157 13
403 2120 635 2168 septembre.

328 2179 366 2216 2.
394 2180 414 2217 5
434 2179 591 2218 octobre
612 2179 716 2218 1285.

326 2239 359 2276 3.
388 2239 529 2285 Louis‚
562 2245 690 2278 comte
720 2228 938 2285 d'Evreux,
971 2239 1021 2276 ne
1051 2248 1102 2275 en
1134 2237 1246 2284 1276,
1282 2241 1393 2286 reeut
1421 2240 1484 2274 eet
1516 2245 1693 2284 πριιιιδο

278 2309 366 2335 vers
392 2298 497 2336 1297.
519 2298 634 2337 Voici
653 2309 708 2337 un
727 2297 869 2336 extrait
888 2296 935 2335 de
956 2301 1129 2345 comptos
1147 2295 1214 2345 qui
1233 2300 1293 2333 est
1313 2294 1446 2333 relatis
1460 2294 1483 2331 ὲ
1509 2294 1547 2331 la
1565 2293 1693 2343 priseo

279 2356 326 2393 de
346 2367 417 2393 son
437 2367 609 2405 apanege
632 2370 639 2393 :
666 2370 683 2392 α
704 2355 813 2395 Idem
832 2356 1035 2394 Johannes
1055 2354 1266 2392 Venatoris
1286 2358 1324 2392 et
1343 2353 1369 2390 J
1371 2354 1549 2391 ohannes
1563 2351 1692 2402 Choy·

278 2414 349 2461 sel,
374 2415 500 2462 miles,
527 2427 595 2464 pro
615 2415 694 2454 fine
721 2415 889 2464 compoti
914 2415 976 2452 sui
999 2413 1047 2452 de
1073 2413 1256 2462 expensis
1281 2412 1388 2459 faeti,
1416 2413 1458 2450 in
1485 2409 1691 2450 assidentis

278 2478 381 2510 terra
401 2473 548 2511 domini
567 2474 766 2522 Ludovici,
790 2474 919 2512 fratris
939 2474 1057 2523 regis,
1077 2473 1156 2521 xvij
1177 2473 1204 2510 l.
1226 2473 1262 2521 vj
1279 2483 1310 2509 s.
1329 2483 1399 2520 p...
1419 2486 1435 2508 ι
1458 2471 1517 2516 (20
1531 2470 1690 2510 octobre

279 2531 383 2570 1298.
403 2553 451 2560 —
469 2533 571 2570 Bibl.
594 2539 693 2582 nat.,
713 2534 780 2571 lat.
803 2533 911 2580 9783,
932 2532 997 2570 fol.
1019 2532 1064 2569 17
1084 2540 1148 2576 v·;
1170 2531 1280 2578 ibid„
1302 2531 1366 2568 fol.
1389 2531 1435 2569 88
1455 2534 1523 2574 γ’.)

323 2592 360 2628 4.
382 2590 445 2628 Au
465 2591 534 2628 bas
553 2591 600 2629 de
620 2593 657 2629 la
675 2603 788 2641 page,
808 2603 860 2630 on
879 2591 923 2629 lit
941 2591 980 2628 la
999 2595 1091 2629 note
1110 2590 1291 2628 suivante
1310 2601 1361 2627 en
1381 2599 1502 2638 rouge
1520 2593 1561 2627 et
1580 2589 1629 2628 de
1652 2587 1690 2626 ln

276 2650 404 2688 meme
424 2650 531 2687 main
545 2662 618 2699 que
638 2651 694 2688 les
709 2656 842 2689 autres
861 2649 1066 2699 rubriques
1082 2662 1091 2686 :
1110 2663 1127 2684 ι
1143 2648 1251 2686 Alibi
1264 2654 1399 2687 tamen
1417 2648 1574 2697 legitur,
1587 2646 1689 2697 quod

281 2722 297 2742 «
319 2707 539 2756 Margareta
560 2708 630 2746 fuit
652 2709 778 2757 maj0r
800 2713 839 2747 et
863 2708 998 2757 regina
1017 2706 1177 2757 Angue,
1197 2712 1236 2745 et
1261 2707 1440 2745 Blanchs
1465 2706 1536 2744 fuit
1558 2705 1690 2743 minor

281 2779 297 2801 ι
319 2771 358 2804 et
377 2766 533 2804 ducissa
551 2765 726 2805 Austrie.
750 2781 768 2802 n
