1838 3164
165 285 268 333 1326]
426 289 797 323 cunonoumu‘nu
823 290 976 324 uouit
1000 291 1280 326 musculum.
1498 290 1566 327 ‘285

160 367 328 417 eadem
344 368 538 433 propria
555 370 770 436 conjuge,
790 386 850 419 ex
869 386 962 434 qua
981 372 1189 421 inclitum
1202 374 1427 436 juvenem
1445 373 1568 423 Edo-

160 445 378 495 wardum
399 461 508 495 cum
533 445 716 496 duabus
739 446 848 495 filiis
869 455 1114 512 genuerat,
1142 465 1246 498 sese
1277 449 1568 499 sodomitane

159 521 477 579 immundicie,
506 528 558 572 ut
586 523 675 572 sibi
707 523 1054 587 imponebatur,
1087 525 1298 583 tradidit,
1332 526 1570 575 innatura-

158 598 252 649 lem
266 614 486 648 venerem
506 598 704 649 naturali
723 598 904 648 libidini
919 600 1179 664 preferens,
1198 602 1372 652 Deinde
1388 603 1569 667 prefata

158 676 319 742 regina
349 675 476 726 misit
505 676 766 726 exercitum
791 693 930 726 suum
954 676 1017 726 ad
1041 678 1425 741 conquerendum
1451 696 1572 743 quo-

158 753 268 803 dam
288 753 394 819 (sic)
413 759 622 804 castrum
636 753 821 803 comitis
835 754 1100 812 Arundelli3
1115 771 1211 819 quo
1222 756 1415 820 quidem
1430 763 1569 821 capto

157 846 212 879 ac
233 846 408 897 magno
430 831 652 881 thesauro
676 830 787 881 inde
810 830 1014 890 sublato,
1043 831 1153 882 fecit
1181 831 1391 882 abscindi
1416 833 1569 899 capud

157 906 270 958 dicti
293 907 503 957 comitis¹
516 946 527 957 .
614 904 625 913 ⁶
1018 956 1020 959 .

221 987 369 1035 Porro
386 985 520 1035 miles
540 985 623 1051 qui
647 986 838 1036 tenebat
852 986 1032 1036 dictum
1056 989 1302 1052 Hugonem
1324 987 1572 1053 Dispensa-

155 1061 273 1111 toris
293 1062 422 1112 misit
446 1063 507 1112 sd
537 1063 749 1129 reginam
774 1063 921 1129 quod,
953 1064 993 1112 si
1019 1063 1158 1114 vellet
1183 1063 1226 1112 ei
1258 1063 1372 1113 dare
1398 1063 1570 1114 bonam

155 1139 425 1189 mercedem
439 1177 451 1197 ‚
494 1140 538 1190 ei
580 1139 790 1190 traderet
832 1141 1073 1191 inimicum
1117 1140 1236 1206 ejus.
1276 1141 1416 1190 Misso
1453 1157 1569 1207 ergo

155 1231 328 1282 magno
351 1222 540 1265 tesauro
563 1216 690 1266 dicto
715 1217 848 1266 militi
873 1234 960 1283 per
984 1217 1212 1284 reginam,
1240 1217 1439 1268 aductus
1461 1218 1566 1285 (sic)

156 1297 227 1340 est
239 1291 448 1357 prefatus
464 1295 616 1358 HugO‚
639 1297 688 1341 et
702 1292 855 1342 eidem
867 1293 1046 1359 regine,
1070 1293 1367 1359 presentibus
1381 1294 1571 1344 baroni-

154 1366 244 1417 bus
257 1368 371 1427 suis,
392 1374 688 1434 presentatus
700 1385 755 1425 ac
766 1368 1001 1435 judicatus
1019 1374 1091 1419 est
1109 1370 1198 1419 hoc
1218 1370 1388 1419 modo:
1413 1370 1569 1436 primo

154 1444 280 1495 enim
316 1445 509 1495 scutifer
544 1445 632 1495 fuit
670 1445 883 1512 alligatus
925 1446 1127 1512 pedibus
1167 1446 1328 1496 caudis
1363 1446 1570 1497 duorum

153 1522 518 1572 fortissimorum
540 1538 791 1588 equorum,
814 1522 991 1572 habens
1015 1529 1146 1572 retro
1167 1539 1220 1572 se
1238 1522 1446 1588 quodam
1464 1540 1570 1572 sus-

154 1603 494 1648 tentamentum
513 1599 642 1664 quod
673 1615 782 1648 eum
809 1598 979 1648 cadere
1004 1615 1098 1647 non
1127 1598 1326 1657 sinebat,
1357 1600 1569 1648 tenebat-

154 1691 247 1740 que
272 1676 319 1725 in
346 1692 487 1725 manu
512 1675 736 1726 vexillum
766 1675 944 1726 domini
975 1677 1184 1743 Bugonis
1209 1682 1257 1726 et
1280 1682 1382 1726 erat
1413 1677 1567 1743 capite

153 1751 439 1807 deorsum.

208 1827 384 1879 Deinde
398 1827 619 1877 dominus
628 1827 964 1894 Hugoindutus
975 1834 1049 1878 est
1063 1829 1295 1878 turniculo
1311 1830 1409 1879 suis
1421 1830 1565 1880 armis

152 1904 365 1971 depicto²
384 1910 431 1955 et
449 1905 517 1955 sic
535 1905 791 1955 ductisunt
809 1904 869 1954 ad
886 1906 1164 1971 patibulum.
1188 1907 1389 1958 Scutiser
1406 1907 1566 1960 autem

151 1982 308 2048 primo
338 1999 595 2048 suspensus
622 1988 696 2032 est
722 1989 769 2032 et
793 1990 959 2048 postea
983 1986 1120 2050 Hugo
1145 2001 1233 2050 per
1261 1985 1430 2035 subtus
1456 1984 1567 2035 bra-

152 2058 273 2117 chia,
294 2059 464 2109 vexillo
483 2076 570 2109 suo
590 2060 724 2125 juxta
745 2075 854 2109 eum
873 2060 1057 2124 posito;
1079 2059 1250 2110 deinde
1268 2068 1474 2111 stractus
1493 2069 1567 2112 est

152 2152 296 2203 super
318 2142 498 2187 terram
515 2137 710 2187 inferius
729 2142 871 2203 atque
895 2137 1156 2187 abscissum
1181 2144 1254 2188 est
1278 2145 1418 2206 caput
1444 2140 1563 2206 ejus,

174 2417 185 2423 “
203 2425 236 2461 ¹.
258 2422 356 2461 Voir
373 2423 460 2472 plus
487 2423 584 2461 haut
612 2423 650 2461 la
677 2423 766 2461 date
794 2422 840 2460 de
869 2423 1103 2462 l'exeeution
1129 2424 1181 2462 du
1202 2429 1329 2462 comte
1349 2424 1567 2463 d'Arundel

153 2481 521 2589 ‹pil.28«3’E¹tuiiieyQtist
540 2539 637 2578 faire
654 2545 694 2578 et
713 2540 833 2579 vestit
856 2551 926 2589 par
944 2540 1082 2579 dessus
1102 2551 1183 2589 ung
1208 2540 1335 2579 tabart
1357 2546 1443 2579 tout
1458 2542 1565 2579 seme

155 2613 172 2634 ι
194 2598 261 2636 des
286 2609 415 2637 armes
433 2599 526 2648 qu’il
554 2599 668 2638 soloit
686 2607 829 2648 portet.
854 2614 871 2635 ι
895 2601 967 2646 (Las
991 2611 1123 2647 vrayos
1145 2601 1366 2647 chronique:
1385 2602 1428 2637 de
1447 2601 1565 2638 ΙοΙιαπ

155 2661 186 2696 ιο
205 2661 277 2705 Bel,
301 2658 359 2697 ed.
383 2659 536 2708 Palaia,
556 2664 585 2697 t.
606 2659 640 2707 1,
659 2670 697 2709 p.
720 2660 779 2698 25.
803 2660 863 2698 Gr.
891 2660 1100 2708 Fretum,
1121 2660 1182 2698 ed.
1204 2660 1324 2707 Luce,
1353 2666 1382 2698 t.
1403 2660 1436 2707 1,
1455 2671 1494 2709 p.
1516 2660 1561 2698 33

153 2722 192 2755 et
203 2716 313 2813 {⁴³³
334 2775 394 2814 fils
413 2775 611 2825 d'Hugues
637 2776 672 2815 le
697 2776 913 2826 Depensier
940 2778 997 2814 fut
1028 2777 1124 2815 livre
1143 2776 1167 2814 ὰ
1194 2776 1233 2814 la
1253 2777 1377 2825 teins,
1396 2776 1420 2814 a
1438 2776 1562 2815 Here-
