1838 3164
405 323 470 362 196
682 321 1051 357 cunouomuruu
1078 319 1229 354 anem·
1255 318 1532 354 ΒΙΑΝΟΟΙΙΙΙ.
1697 316 1803 363 {¹3¹³

405 425 425 452 ι
458 405 586 462 bant,
618 420 672 453 ac
701 403 814 453 alias
843 402 984 452 etiam
1010 401 1055 450 in
1087 400 1210 451 Urbe
1239 405 1288 450 et
1319 399 1446 457 alibi,
1475 399 1521 449 in
1551 399 1733 467 imperii
1757 406 1806 449 et

403 501 424 528 c
455 479 668 546 ejusdem
708 479 1007 546 imperatoris
1043 482 1394 542 contemptum,
1428 492 1512 526 sue
1548 476 1805 543 majestatis

401 578 422 603 ‹
454 557 670 623 injuriam
701 562 751 607 et
773 556 841 606 rei
872 555 1058 622 publice
1083 554 1437 611 detrimentum,
1469 553 1614 603 multa
1643 554 1804 620 gravia

401 654 422 680 ι
454 634 637 684 fuerant
663 650 750 700 per
774 649 935 700 regem
960 631 1179 682 eumdem
1207 649 1261 680 ac
1286 630 1515 680 maliciam
1541 636 1590 680 et
1616 630 1806 696 instiga-

403 730 423 756 «
454 710 631 760 tionem
651 710 817 776 ipsius,
833 715 931 759 tam
950 709 1048 759 suis
1067 707 1383 774 stipendiariis
1402 722 1544 773 quam
1562 723 1590 756 a
1605 705 1807 756 subditis

401 806 423 834 ‹
454 786 753 852 imperatoris
782 786 983 836 comissa
1018 803 1029 834 ε
1065 785 1324 851 prehabitis
1353 800 1442 850 per
1470 783 1806 849 imperatorem

401 883 423 910 ι
453 863 675 913 eumdem
694 862 977 928 quibusdam
998 862 1299 927 processibus
1315 867 1479 911 contra
1492 876 1621 918 eum,
1638 859 1807 910 absen-

401 960 422 986 ‹
452 946 549 989 tem
584 946 766 999 tamen,
803 939 1020 1005 quamvis
1054 939 1304 1006 legittime,
1337 938 1474 1006 juxta
1508 936 1808 1003 imperatoris

401 1036 422 1063 ‹
453 1016 778 1075 assertionem,
801 1016 997 1066 citatum
1011 1031 1066 1065 ac
1081 1015 1210 1082 quod
1226 1015 1496 1081 supradicta
1514 1020 1649 1064 eram
1667 1019 1806 1064 noto-

399 1113 419 1139 «
452 1094 521 1142 ria
543 1110 631 1159 per
649 1093 944 1159 imperialem
965 1092 1365 1143 interlocutoriam
1382 1091 1636 1151 declarata,
1658 1091 1807 1158 impe-

401 1190 421 1216 ‹
451 1176 583 1219 rator
612 1170 733 1235 ipse,
762 1186 925 1237 regem
950 1171 1191 1219 affirmans
1222 1175 1421 1235 propter
1451 1168 1682 1235 premissa
1710 1167 1807 1218 lete

401 1266 422 1293 ‹
452 1246 753 1312 majest[at]is
777 1247 985 1296 criminis
1016 1262 1150 1297 reum
1178 1262 1300 1304 esse,
1328 1245 1382 1296 iu
1402 1245 1559 1311 ipsum
1588 1259 1807 1312 penum—

400 1343 421 1369 ‹
451 1323 587 1382 torie,
615 1330 667 1373 ut
695 1323 833 1382 dixit,
864 1330 912 1373 et
941 1324 1226 1374 sufficienter
1253 1322 1467 1382 citatum,
1499 1321 1584 1372 sed
1613 1337 1808 1388 compa·

400 1420 422 1447 «
451 1417 557 1450 rere
587 1401 926 1451 contumaciter
958 1407 1272 1460 recusantem,
1305 1406 1531 1466 tanquam
1560 1398 1804 1458 rebellem,

399 1497 421 1524 ι
455 1477 787 1545 [proditorem]
820 1484 868 1528 et
900 1479 1086 1528 hostem
1114 1477 1318 1545 imperii,
1346 1494 1402 1528 ac
1430 1493 1568 1528 reum
1600 1476 1809 1527 eufimi-

400 1573 422 1600 ‹
452 1554 727 1620 supradicti,
745 1555 1021 1621 privationis
1037 1556 1250 1605 omnium
1264 1554 1562 1622 dignitatum,
1580 1569 1809 1621 quocum-

399 1646 421 1676 ‹
452 1647 546 1695 que
569 1631 1018 1697 comprehensarum
1047 1632 1183 1682 titulo
1203 1638 1252 1682 et
1275 1632 1448 1698 quibus
1467 1648 1520 1682 se
1543 1630 1808 1682 intitulabat

400 1726 422 1753 ‹
452 1723 538 1757 rex
572 1707 692 1773 ipse,
726 1709 1076 1769 auctoritatum,
1108 1725 1518 1775 quorumcumque
1549 1708 1802 1768 bonorum,

399 1803 421 1830 ι
452 1785 820 1849 provinciarum,
845 1792 1096 1846 terrarum,
1120 1786 1373 1846 bonorum,
1395 1786 1576 1854 jurium
1598 1793 1648 1837 et
1665 1785 1808 1853 juri·-

400 1880 422 1906 ‹
451 1861 710 1912 dictionum
731 1868 829 1912 tam
853 1869 1194 1929 perpetuorum
1217 1880 1363 1930 quam
1380 1863 1732 1930 temporalium,
1758 1870 1808 1913 et

400 1958 422 1985 ι
452 1939 492 1988 si
541 1941 731 2006 quando
774 1942 956 1992 veniret
1002 1942 1052 1992 in
1092 1959 1227 1994 suam
1268 1950 1316 1992 et
1362 1942 1547 2009 imperii
1588 1942 1804 2002 sordem,

400 2036 421 2062 ι
452 2017 754 2068 mutilationis
786 2019 928 2069 etiam
960 2020 1128 2085 capitis
1157 2020 1435 2070 sententiam
1469 2018 1803 2086 promulgavit,

399 2113 421 2139 c
451 2111 736 2161 omnemque
753 2097 1019 2162 supplendo
1039 2097 1294 2156 desectum,
1322 2098 1362 2148 si
1386 2097 1494 2162 quis
1519 2097 1679 2147 forsan
1703 2096 1805 2147 iue-

399 2191 420 2217 ‹
451 2178 524 2220 rat
551 2190 611 2221 ex
642 2173 987 2239 sollempnitate
1010 2176 1133 2239 juris
1163 2175 1399 2225 obmissus
1423 2176 1470 2224 in
1505 2174 1806 2241 processibus

399 2267 419 2292 ι
450 2249 742 2307 memoratis,
774 2251 1022 2314 premissa,
1051 2258 1103 2300 ut
1132 2252 1352 2310 asseruit,
1383 2252 1555 2302 faciens
1582 2251 1801 2318 exigente

399 2343 420 2369 ‹
444 2324 630 2390 justicia
655 2332 701 2375 et
726 2326 956 2392 imperiali
981 2328 1123 2377 etiam
1146 2329 1429 2394 potestate¹.
1463 2348 1486 2375 ι

443 2502 477 2538 l.
499 2501 602 2539 C’est
621 2502 657 2539 le
675 2502 722 2540 25
741 2503 841 2540 avril
866 2503 959 2542 1313
983 2514 1059 2552 que
1078 2503 1240 2551 Robert‚
1262 2504 1320 2542 roi
1338 2504 1387 2542 de
1404 2504 1564 2553 Naples,
1583 2503 1642 2542 lut
1658 2504 1735 2541 mis
1753 2515 1804 2542 au

394 2559 471 2596 ban
490 2560 536 2597 de
555 2561 742 2609 l'empire.
765 2561 859 2599 Plus
877 2561 1062 2600 discretes
1081 2573 1157 2612 que
1176 2569 1288 2602 notre
1314 2564 1543 2613 chronique,
1563 2563 1622 2601 les
1639 2563 1804 2601 Gronau

395 2620 621 2666 Chroniques
641 2624 681 2667 (t.
705 2620 756 2669 V,
775 2633 813 2670 p.
834 2622 915 2670 200)
938 2622 1049 2660 n’ont
1066 2633 1136 2671 pas
1151 2623 1244 2671 juge
1262 2623 1286 2660 a
1304 2634 1444 2672 propos
1462 2623 1511 2661 de
1529 2633 1630 2661 nous
1651 2621 1803 2661 donner

394 2679 430 2715 le
448 2684 554 2716 texte
573 2679 620 2717 de
639 2680 678 2716 la
696 2680 890 2718 decretale
908 2683 1110 2719 Pastor-alis
1129 2693 1222 2719 cura
1242 2696 1254 2719 .·
1277 2695 1294 2717 ι
1315 2682 1514 2732 Laquielle
1538 2681 1739 2730 priv-,cion
1765 2681 1802 2718 le

397 2749 412 2771 ι
435 2737 539 2785 Pape
565 2737 734 2776 Climent
754 2745 890 2787 reputa
913 2745 1016 2778 estre
1039 2751 1138 2788 pour
1155 2741 1278 2789 nulle,
1296 2747 1336 2778 et
1355 2751 1398 2778 se
1414 2749 1571 2778 aucune
1597 2739 1729 2788 estoit,
1747 2738 1800 2776 du

398 2809 413 2830 ι
436 2801 519 2832 tout
538 2796 566 2833 il
591 2797 847 2835 l’annichiloit
870 2810 968 2846 pour
991 2800 1116 2836 moult
1140 2799 1188 2837 de
1213 2810 1365 2848 causes,
1386 2799 1609 2848 lesquielles
1633 2804 1723 2836 sont
1747 2808 1800 2836 en
