1838 3164
317 295 361 332 16
592 293 961 328 cunonomumm
988 292 1140 327 uouit
1169 291 1448 326 MNOORUU.
1612 290 1718 338 [¹28²

314 382 366 426 ut
389 375 514 442 regis
538 379 747 440 potestas
770 373 838 423 eis
862 373 1195 423 detrimentum
1217 372 1390 421 inferre
1409 388 1503 421 non
1522 372 1716 422 valeoet.

313 455 610 517 Quapropter
634 467 720 501 rex
744 451 942 501 Karolus
966 450 1187 500 confusus
1211 449 1272 499 ab
1295 448 1541 499 obsidione
1566 465 1722 500 ωοοῦ-
1778 462 1791 474 ’

313 529 373 578 sit
395 535 442 577 et
467 529 513 577 in
539 527 801 579 Calabriam
825 527 1035 578 secessit.

375 613 502 660 Tunc
520 616 750 660 venerunt
774 610 928 659 nuncii
953 610 1012 660 ad
1040 609 1352 675 Philippum¹‚
1378 624 1548 675 regem
1578 611 1722 658 Fran-

310 687 379 736 cie
403 693 451 736 et
474 691 786 737 narraverunt
810 686 852 735 ei
876 686 1076 752 qualiter
1095 692 1292 752 patruus
1315 701 1446 743 suus,
1468 701 1555 735 rex
1574 687 1722 735 Karo-

310 763 404 822 luS,
439 762 715 829 nequiverat
749 779 917 829 capere
947 766 1232 821 Messanam,
1265 761 1432 812 urbem
1462 760 1639 819 Sicilie,
1672 767 1722 811 et

309 838 437 903 quod
456 839 516 888 ab
529 843 590 888 ‘ea
609 844 868 888 recesserat
886 854 994 887 cum
1009 837 1299 896 confusione,
1315 835 1558 902 quomodo
1572 835 1719 887 eciam

307 917 472 965 Petrus
509 915 569 964 de
608 914 890 980 Arragonia,
924 915 1114 979 junctus
1152 913 1340 971 Siculis,
1380 913 1643 963 inferebam
1677 913 1720 963 ei

307 991 451 1040 multa
476 991 697 1057 dampna.
720 991 817 1041 Hiis
840 990 1027 1049 auditis,
1050 993 1216 1040 Petrus
1241 990 1603 1049 Aleccionensis,
1627 990 1722 1039 sra-

306 1074 380 1116 ter
402 1068 614 1134 ejusdem
637 1068 762 1135 regis
785 1074 831 1117 et
856 1067 1091 1117 Robertus
1115 1067 1473 1127 Attrebatensis,
1501 1068 1717 1125 comites,

306 1151 531 1210 ceperunt
568 1145 808 1194 licenciam
846 1144 1059 1210 predicto
1095 1144 1196 1210 regi
1233 1144 1471 1211 Philippo,
1513 1150 1564 1194 ut
1598 1144 1721 1195 irent

305 1221 621 1286 adjuvandum
646 1222 886 1279 Karolum,
909 1221 1191 1271 avunculum
1215 1222 1403 1271 suum’.
1425 1220 1512 1280 Qui
1534 1220 1721 1271 conses-

305 1298 407 1355 tim‚
424 1315 532 1347 cum
548 1314 717 1364 magna
732 1299 930 1348 militum
949 1299 1241 1364 aliorumque
1260 1305 1553 1348 armatorum
1571 1298 1719 1348 comi·

304 1374 417 1432 tiva,
449 1375 497 1423 in
529 1375 744 1440 Apuliam
774 1375 864 1424 iter
891 1376 1188 1441 arripientes,
1217 1382 1448 1425 venerunt
1474 1375 1536 1427 ad
1559 1376 1719 1442 prefa-

305 1458 405 1500 tum
436 1468 598 1518 regem
631 1453 878 1512 Karolum,
914 1453 995 1518 qui
1031 1452 1093 1503 de
1127 1452 1331 1503 adventu
1370 1453 1583 1518 ipsorum
1621 1469 1717 1503 non

307 1528 544 1578 modicum
569 1530 760 1594 gavisus
784 1531 903 1578 est³.

367 1613 533 1660 Petrus
557 1627 690 1670 vero,
727 1628 814 1660 rex
838 1612 1114 1678 Art-agonie,
1151 1627 1297 1677 supra
1321 1628 1453 1661 mare
1478 1627 1589 1662 cum
1617 1611 1716 1661 suis

306 1688 492 1755 navigio
522 1706 608 1738 suo
638 1689 861 1748 existens,
893 1689 1133 1739 mandavit
1162 1690 1262 1756 regi
1294 1690 1484 1748 Karolo‚
1518 1706 1579 1739 an
1613 1690 1716 1755 ipse

303 1781 411 1814 cum
428 1778 457 1815 c
479 1765 703 1815 militibus
720 1766 861 1814 vellet
882 1766 999 1814 inire
1020 1772 1258 1815 certamen
1281 1766 1511 1816 adversus
1527 1780 1557 1817 c
1576 1766 1711 1825 alios,

301 1842 375 1890 vel
408 1859 465 1890 eo
492 1842 636 1891 modo
661 1859 756 1907 quo
782 1842 938 1902 vellet,
968 1843 1218 1907 equalitate
1249 1843 1476 1893 numerali
1505 1849 1709 1901 servata,

301 1923 350 1967 et
385 1919 513 1984 quod
548 1919 623 1967 ille
660 1919 739 1984 qui
771 1920 967 1968 victoria
1001 1920 1251 1985 potiretur,
1286 1920 1485 1970 haberet
1519 1919 1713 1985 pacifice

299 2011 498 2060 regnum
534 1995 684 2044 Sicilie
718 2012 827 2044 cum
862 1996 968 2062 jure
1004 1996 1364 2061 pertinentibus.
1409 2000 1510 2046 Rex
1552 2003 1714 2047 autem

299 2071 496 2120 Karolus
526 2072 616 2121 hiis
649 2073 811 2122 annuit
843 2073 1053 2122 animose
1083 2079 1132 2122 et
1155 2073 1400 2138 utriusque
1424 2073 1575 2138 partis
1598 2089 1713 2122 con-

349 2243 381 2279 1.
403 2243 460 2280 La
484 2243 693 2290 Chroniquo
722 2243 770 2281 de
797 2244 847 2281 G.
880 2243 928 2282 de
955 2243 1106 2292 Nangis
1133 2243 1204 2290 (ed.
1236 2243 1408 2291 Geraud,
1433 2249 1463 2281 t.
1486 2244 1527 2291 1,
1554 2254 1592 2292 p.
1625 2243 1709 2293 255)

299 2301 353 2338 dit
372 2313 446 2350 que
465 2301 628 2339 Charles
648 2302 818 2351 d'Anj0u
837 2313 992 2352 envoya
1011 2303 1114 2341 alors
1134 2313 1184 2340 en
1202 2302 1354 2341 France
1374 2302 1553 2350 charles,
1573 2303 1709 2352 prince

300 2360 347 2397 de
368 2360 546 2407 Salei-ne,
567 2372 638 2398 son
658 2361 733 2399 fils.

347 2418 381 2455 2.
404 2419 479 2455 Les
499 2420 601 2457 Gesta
621 2421 785 2467 Philippi
802 2421 859 2457 III
881 2421 1032 2468 (Hister.
1060 2421 1103 2456 de
1129 2421 1204 2464 Fr„
1232 2425 1262 2456 t.
1289 2419 1388 2467 XX,
1413 2430 1450 2467 p.
1480 2419 1565 2463 522)
1588 2425 1628 2458 et
1652 2420 1710 2458 les

301 2479 463 2516 Grandes
491 2478 728 2524 chroniques,
758 2483 870 2516 outre
897 2478 1046 2525 Pierre,
1067 2483 1195 2516 comte
1225 2477 1458 2528 d’Alencon,
1481 2484 1520 2517 et
1546 2478 1708 2526 Robert,

301 2541 428 2573 comte
456 2535 647 2584 d‘Artois,
675 2542 878 2574 nomment
903 2547 1045 2574 encore
1070 2537 1108 2574 le
1135 2537 1210 2574 duc
1235 2536 1282 2574 de
1310 2537 1566 2586 Bourgogne,
1589 2537 1707 2584 Jean,

301 2599 427 2632 comte
447 2593 494 2632 de
513 2594 772 2643 Dammartin,
801 2595 836 2632 le
862 2600 991 2634 comte
1018 2595 1066 2633 de
1093 2595 1311 2644 Boulogne,
1337 2596 1528 2644 Mathieu,
1556 2595 1634 2634 sire
1659 2595 1708 2634 de

301 2653 612 2702 Montmorency.

347 2712 382 2749 3.
406 2726 423 2747 ι
444 2713 498 2750 Le
523 2724 594 2762 roy
619 2714 675 2751 fut
700 2714 823 2752 moult
847 2714 898 2752 lie
922 2713 970 2752 de
994 2714 1079 2752 leur
1103 2724 1245 2763 venue,
1268 2727 1285 2748 ι
1306 2714 1434 2752 disent
1460 2715 1517 2753 les
1542 2714 1705 2753 Grandes

301 2770 526 2817 Chroniques
547 2772 586 2819 (t.
610 2771 661 2819 V,
681 2783 718 2819 p.
740 2770 812 2812 67).
