1838 3164
89 284 194 332 1313]
359 286 734 321 CHRONOGRAPmA
759 286 913 320 amm(
937 286 1215 320 mucosum
1423 282 1491 321 213

88 371 157 418 Ex
191 367 279 417 alia
309 383 425 416 vero
455 372 591 432 parte
620 365 749 416 venit
778 365 1034 423 Robertus‚
1069 382 1229 416 comes
1260 365 1491 425 mandrie,

86 461 193 495 cum
217 444 377 495 multis
400 443 462 493 de
485 442 622 493 bonis
646 441 768 491 villis
790 441 903 491 suis.

152 530 267 578 Cum
301 533 456 595 autem
486 525 624 575 simul
653 530 811 573 essent
840 524 901 573 ad
928 525 1211 590 colloquium
1235 526 1492 593 aggregati,

87 606 299 655 homines
340 603 468 670 regis
509 602 730 652 dixemnt
769 600 927 649 comiti
964 601 1177 651 Flandrie
1214 602 1366 667 quod,
1408 603 1496 654 sub

85 698 207 748 pena
243 678 486 746 frangendi
518 677 839 743 juramentum
870 677 999 742 quod
1034 677 1278 743 juraverat
1311 679 1426 745 regi⁴
1450 686 1497 728 et

91 757 361 808 incurrendi
385 753 673 806 sentenciam
697 754 787 804 sub
810 771 904 820 qua
923 771 974 804 se
997 753 1303 821 obligaverat,
1328 756 1495 822 (quod)

86 833 343 902 prestaret¹
366 831 523 882 omnia
540 832 677 880 firma
700 831 801 881 loca
825 831 1040 881 Flandrie
1064 837 1112 881 et
1135 831 1263 896 quod
1288 832 1498 883 traderet

84 912 185 979 regi
201 914 450 960 sexcentos
465 908 681 958 homines
693 924 952 958 armorum.
969 908 1146 968 Quibus
1159 909 1323 968 iratus,
1339 926 1498 958 comes

85 987 329 1054 respondit
363 1005 373 1035 :
413 1005 435 1032 ‹
465 989 563 1035 Rex
596 1002 692 1035 non
720 985 884 1035 habuit
912 1002 1079 1036 sanum
1110 986 1356 1036 consilium
1380 986 1498 1036 hanc

89 1085 110 1112 ι
136 1064 419 1132 peticionem
450 1063 669 1129 injustam
699 1062 870 1112 facere.
911 1082 933 1108 »
967 1062 1042 1113 Sic
1071 1079 1187 1130 ergo
1218 1062 1355 1113 divisi
1390 1070 1498 1115 sunt

82 1142 143 1193 ab
168 1141 388 1197 invicem,
417 1156 525 1190 cum
551 1139 710 1189 verbis
735 1139 926 1189 rixosis.

149 1224 446 1276 Gossealmus
468 1240 601 1281 vero,
624 1222 872 1273 cardinalis
892 1223 1187 1281 Albaneusis,
1209 1224 1499 1291 appostolice

86 1304 219 1355 Sedis
254 1303 456 1369 legatus,
494 1301 843 1351 contentionem
882 1317 1048 1351 eorum
1087 1301 1276 1360 videm,
1316 1307 1499 1352 tantum

87 1380 194 1430 fecit
225 1378 351 1444 apud
382 1378 647 1444 Flamingos
677 1377 807 1443 quod
839 1383 1120 1444 procurator
1148 1378 1356 1436 comitis,
1391 1394 1500 1428 cum

85 1455 368 1523 quibusdam
387 1455 448 1505 de
466 1454 603 1504 bonis
621 1454 743 1504 villis
764 1455 995 1513 mandrie,
1020 1455 1233 1504 venirent
1256 1455 1316 1504 ad
1338 1472 1500 1523 regem

86 1533 144 1582 ad
175 1531 432 1581 videndum
462 1531 501 1580 si
531 1531 735 1596 aliquam
765 1531 964 1597 gratiam
996 1536 1190 1596 possent
1219 1531 1429 1581 invenire
1455 1533 1499 1580 in

87 1614 341 1675 conspectu
366 1608 483 1674 ejus.
513 1608 599 1668 Qui
624 1624 732 1657 cum
759 1608 1001 1657 venissent
1029 1608 1089 1657 ad
1118 1624 1298 1674 regem,
1327 1609 1500 1658 nullam
1555 1600 1571 1624 ⁸

88 1687 146 1736 ab
171 1703 229 1736 eo
253 1686 450 1752 gratiam
475 1686 709 1734 attrahere
732 1690 989 1751 potuerunt
1019 1703 1029 1733 :
1059 1686 1142 1735 sed
1172 1702 1274 1744 rex,
1302 1703 1501 1753 congre-

87 1763 207 1831 gatis
230 1762 424 1829 paribus
447 1762 520 1812 sui
546 1763 677 1828 regni
706 1763 915 1820 Francie,
944 1762 1052 1813 fecit
1082 1762 1317 1829 adjornari
1350 1764 1500 1829 prefa-

87 1847 188 1891 tum
237 1840 456 1890 comitem
499 1838 712 1889 Flandrie
760 1839 818 1888 ad
861 1839 969 1906 jura
1015 1839 1141 1907 regis
1189 1840 1500 1905 personaliter

87 1917 389 1968 veniendum.
426 1916 553 1966 Multi
591 1916 717 1966 enim
747 1916 935 1967 suerunt
965 1934 1016 1966 se
1053 1923 1380 1983 presentantes
1412 1934 1501 1983 pro

89 1995 273 2062 prefato
293 1993 492 2052 comite;
516 1993 600 2042 sed
628 1993 861 2042 neminem
887 2010 973 2042 rex
1000 1993 1147 2043 voluit
1172 2000 1431 2060 acceptare.

155 2081 283 2127 Tunc
312 2093 430 2127 vero
459 2076 813 2142 pronuntiatum
844 2076 950 2134 fuit,
983 2076 1282 2141 presentibus
1312 2094 1423 2144 rege
1455 2085 1501 2126 et

91 2153 476 2221 procuratoribus
494 2153 725 2212 mandrie,
748 2169 836 2219 per
858 2153 1101 2202 dominum
1122 2154 1417 2204 Guinelmum
1442 2154 1502 2203 de

91 2236 372 2298 Longareto,
394 2230 523 2296 quod
542 2229 696 2278 omnis
715 2235 858 2287 terra,
882 2246 1024 2295 quam
1043 2229 1170 2279 idem
1189 2246 1347 2279 comes
1369 2229 1502 2280 Flan-

92 2309 195 2358 drie
225 2308 414 2358 tenebat
442 2307 490 2356 in
520 2323 667 2374 regno
697 2306 904 2363 Francie‚
934 2313 1165 2372 perpetuo
1189 2307 1503 2373 applicaretur

93 2385 211 2452 regi,
239 2384 439 2435 dicendo
459 2401 571 2451 regi
585 2384 712 2450 quod
738 2383 986 2434 confestim
1010 2384 1057 2432 in
1081 2384 1246 2434 eadem
1270 2402 1321 2434 se
1349 2391 1502 2435 trans-

95 2463 239 2512 ferret
274 2468 322 2512 et
355 2462 505 2528 ipsam
543 2462 590 2510 vi
626 2478 867 2511 armorum
902 2468 1154 2527 occuparet
1189 2462 1263 2511 vel
1300 2462 1497 2512 saisiret.

96 2538 230 2598 Quod
250 2538 508 2596 audienteS,
530 2545 862 2604 procuratores
881 2538 1094 2588 Flandrie
1116 2538 1272 2588 statim
1298 2554 1502 2588 secesse-

148 2713 181 2749 ¹.
204 2711 279 2748 Les
291 2712 494 2749 Anciennes
508 2713 725 2758 chr-uniquus
740 2714 783 2749 de
802 2713 960 2748 Flandro
981 2713 1103 2758 illud„
1117 2723 1154 2760 p.
1170 2712 1267 2760 400),
1288 2724 1337 2749 au
1358 2712 1434 2750 lieu
1454 2711 1500 2749 de

101 2783 145 2810 ee
166 2771 296 2818 verbe,
317 2771 527 2820 emploient
547 2771 646 2809 celui
667 2770 702 2808 d’
715 2785 732 2806 ι
753 2771 900 2809 abattre
924 2784 954 2807 ι.
