1838 3164
101 265 206 315 ¹312]
378 270 752 306 cunonoourma
776 269 930 304 naun
953 267 1233 302 ruucoauu.
1439 262 1507 300 207

97 352 137 400 si
168 357 327 401 autem
356 357 520 402 contra
548 355 698 401 Deum
724 354 774 398 et
804 348 1053 407 rationem,
1082 347 1150 398 sic
1180 351 1290 397 suut
1318 345 1430 395 mali
1461 351 1509 395 et

97 426 278 476 viciosi.
322 426 598 494 Hujusmodi
639 430 798 475 autem
838 424 929 472 tria
970 424 1095 473 bona
1138 429 1250 473 sunt
1285 441 1296 471 :
1331 423 1509 472 bonum

97 502 388 563 delectabile,
416 509 644 570 quantum
673 501 734 550 ad
763 506 957 567 gustum
985 507 1034 549 et
1062 506 1268 558 tactum;
1301 499 1509 549 secundo

96 580 275 631 bonum
317 581 454 640 utile,
492 580 613 630 sicut
645 583 894 644 argentum
929 582 978 625 et
1013 594 1180 627 aurum
1217 582 1265 626 et
1300 576 1376 626 illa
1417 591 1511 640 que

95 657 376 707 numismate
399 660 759 712 mensurantur3
784 653 986 704 tercium
1009 653 1187 702 bonum
1212 659 1285 702 est
1307 653 1512 702 honora-

94 733 187 782 bile
210 734 332 784 sicut
354 732 573 799 preferri,
601 747 794 798 preesse
817 730 893 780 vel
917 729 1170 779 dominari.
1197 730 1255 779 Et
1278 729 1386 779 ideo
1410 746 1510 779 res-

93 816 233 875 pectu
257 810 456 860 istorum
474 809 619 860 trium
638 809 893 868 bonorum,
915 812 1145 874 quantum
1161 806 1223 856 ad
1241 805 1506 863 abutentes,

91 884 276 936 reducit
303 886 538 936 lohannes
568 885 727 935 omnia
757 889 950 950 peccata
979 900 1073 949 que
1100 888 1436 949 perpetrantur
1464 882 1510 931 in

92 962 289 1022 mundo,
317 962 479 1013 dicens
508 981 518 1012 ε
552 982 573 1009 ι
604 965 754 1013 Omne
777 961 907 1028 quod
931 967 1006 1011 est
1028 961 1077 1011 in
1105 959 1302 1020 mundo,
1329 966 1410 1010 aut
1439 966 1513 1008 est

96 1058 117 1085 ι
148 1040 531 1106 concupiscencia
549 1040 720 1100 carnis,
742 1045 824 1090 aut
844 1038 1227 1105 concupisoencia
1245 1038 1507 1094 owlorum,

96 1136 118 1163 ‹
145 1124 226 1167 aut
251 1118 475 1184 superbia
499 1118 614 1168 vite.
649 1138 671 1165 »

156 1195 407 1262 Templarii
432 1202 590 1247 autem
614 1200 845 1261 quantum
866 1195 929 1245 ad
953 1194 1165 1261 predicta
1186 1193 1278 1244 tria
1298 1193 1441 1252 bona,
1463 1193 1508 1242 in

90 1270 302 1335 predicta
320 1271 411 1320 tria
430 1271 549 1320 vicia
571 1271 776 1336 pessime
796 1287 848 1320 se
865 1269 1102 1321 habebant
1121 1287 1133 1319 :
1154 1285 1262 1320 nam
1282 1275 1510 1335 quantum

90 1346 151 1395 ad
189 1346 463 1396 delectabile
503 1347 766 1398 secundum
804 1352 1006 1404 tactum,
1046 1346 1147 1396 sive
1183 1350 1412 1411 quantum
1448 1343 1508 1394 ad

91 1438 316 1482 venerea,
364 1423 745 1483 sceleratissime,
790 1424 911 1474 sicut
953 1424 1023 1473 eis
1064 1421 1415 1488 imponebatur,
1458 1438 1510 1471 se

90 1499 341 1550 habebant.
389 1504 626 1561 Quantum
671 1501 798 1551 enim
845 1500 907 1550 ad
954 1506 1203 1566 peccatum
1251 1499 1510 1550 secundum

90 1594 309 1638 venerea,
330 1585 529 1644 possunt
547 1578 763 1629 homines
780 1578 829 1627 in
847 1577 999 1644 gradu
1019 1576 1224 1643 tripplici
1242 1593 1294 1626 se
1314 1576 1506 1636 habere,

89 1660 142 1704 ut
165 1654 367 1706 habetur
389 1656 471 1722 vij⁰
489 1656 784 1706 ethicorum:
808 1661 920 1705 sunt
944 1654 1072 1704 enim
1094 1653 1289 1720 quidam
1314 1653 1511 1703 inconti-

89 1738 271 1790 nentes,
300 1732 381 1797 qui
404 1750 432 1782 a
456 1732 688 1798 principio
713 1730 1102 1798 temptationibus
1133 1736 1179 1780 et
1212 1730 1510 1796 passionibus

88 1807 330 1867 resistunt,
359 1808 444 1859 sed
474 1808 523 1858 in
552 1809 663 1867 fine,
694 1813 894 1875 propter
922 1824 1090 1858 eorum
1120 1806 1368 1866 desidiam,
1398 1807 1508 1856 victi

88 1885 400 1936 succumbunt
422 1892 471 1936 et
493 1886 558 1936 hii
583 1886 805 1936 dicuntur
830 1885 957 1936 mali.
982 1885 1072 1936 Alii
1094 1891 1254 1935 autem
1276 1885 1509 1950 intempe-

88 1962 196 2021 rati,
221 1962 302 2028 qui
326 1979 420 2012 non
446 1962 620 2013 bellant
643 1968 808 2012 contra
833 1962 1183 2028 temptationes,
1209 1961 1435 2011 habituati
1459 1961 1507 2010 in

89 2039 282 2097 malum,
304 2040 374 2091 eis
389 2046 463 2091 est
481 2040 757 2090 delectabile
776 2040 847 2090 ire
866 2046 915 2089 et
937 2039 1100 2088 vivere
1125 2038 1386 2089 secundum
1410 2037 1510 2088 illas

88 2122 136 2166 et
159 2116 437 2168 multociens
462 2117 678 2184 displicet
701 2116 771 2167 eis
797 2115 927 2182 quod
954 2116 1060 2182 plus
1091 2132 1187 2166 non
1218 2121 1511 2181 temptantur

88 2199 137 2243 et
161 2193 290 2260 quod
314 2194 473 2261 plures
497 2200 656 2244 motus
682 2211 778 2244 non
802 2194 977 2244 habent
1001 2194 1101 2244 sive
1121 2211 1217 2243 non
1234 2195 1505 2260 insurgunt,

83 2272 218 2336 juxta
247 2271 359 2321 illud
389 2273 438 2322 in
461 2272 733 2322 Proverbiis
761 2290 772 2320 ε
808 2291 830 2318 ι
859 2275 1083 2321 Letantur
1107 2287 1217 2321 cum
1241 2271 1363 2321 male
1387 2270 1509 2320 fece·

93 2366 115 2393 ι
143 2347 238 2397 rint
261 2355 310 2397 et
331 2349 541 2400 exultant
563 2349 612 2398 in
637 2348 781 2398 rebus
805 2348 1051 2414 pessimis;
1080 2367 1102 2394 ι
1123 2353 1173 2398 et
1191 2348 1268 2398 isti
1288 2348 1510 2398 dicuntur

90 2422 293 2488 pejores.
329 2425 477 2475 Tercii
507 2431 616 2475 sunt
647 2424 888 2483 bestiales,
923 2424 1006 2489 qui
1038 2423 1296 2474 bestialiter
1322 2423 1507 2481 vivunt,

90 2499 172 2564 qui
190 2500 537 2562 bestialitatem,
558 2502 608 2552 id
627 2508 700 2552 est
718 2502 893 2551 vicium
912 2501 1261 2560 sodomiticum,
1283 2501 1416 2567 quod
1437 2506 1511 2551 est

90 2578 295 2643 quedam
321 2581 576 2632 bestialitas
604 2581 920 2640 innomabilis,
948 2581 1132 2631 ratione
1158 2581 1292 2647 cujus
1319 2581 1511 2647 signan-

90 2662 164 2704 ter
192 2656 364 2708 dicitur
393 2660 551 2724 passio
580 2659 834 2726 ignominie
862 2660 910 2708 in
942 2658 1141 2724 epistola
1163 2658 1226 2707 ad
1251 2662 1504 2717 Romanos,

90 2732 252 2783 dicunt
272 2735 361 2785 sibi
379 2736 547 2796 licere;
567 2742 615 2786 et
633 2737 710 2786 isti
729 2737 807 2802 qui
829 2736 938 2785 talia
956 2742 1122 2803 agunt,
1146 2742 1258 2785 sunt
1275 2735 1468 2801 pessimi
1493 2753 1502 2783 :
