1838 3164
293 254 338 290 ‘28
575 251 945 286 CHRONOGRAPmA
973 250 1122 283 amun
1150 249 1427 283 maucouuu.
1592 244 1699 291 {¹285

294 333 505 385 victualia
527 331 731 389 Francis,
752 331 872 379 sicut
889 329 1067 379 dictum
1086 333 1175 385 est,
1196 325 1539 392 quamplurima
1558 342 1701 375 nocu-

295 417 449 461 menta
469 409 640 458 inferre
660 423 850 473 semper
862 405 1123 456 anhelebat.
1144 408 1255 454 Erat
1272 403 1398 453 enim
1417 408 1548 452 eatua
1565 402 1700 453 valde

295 489 480 537 fervens
517 490 704 550 tempus
740 501 794 533 ac
831 499 1098 533 muscarum
1135 488 1262 531 tanta
1301 478 1552 530 multitudo
1590 486 1703 529 tunc

295 570 411 623 crat
431 580 522 630 que
533 562 793 612 ''volitabat
782 579 828 611 m
848 578 973 620 aere,
994 578 1087 626 que
1104 560 1266 627 gallice
1284 558 1506 607 dicuntur
1520 556 1699 616 ιιιΙιοιιι,

295 642 440 707 quod,
468 639 705 690 morsibus
736 655 899 689 earum
922 638 1187 702 ardoreque
1214 635 1371 685 afflicti
1398 635 1526 692 solia,
1555 634 1703 683 nostri

295 719 354 768 de
382 717 588 768 exercitu
618 716 699 765 vix
730 732 911 765 moram
949 714 1124 764 ibidem
1154 713 1428 762 continuare
1461 727 1554 760 non
1580 710 1706 760 vale-

295 798 415 852 rent,
444 792 771 856 innumerique
796 790 982 839 obirent
1006 795 1054 838 et
1079 789 1302 854 precipue
1328 794 1398 837 tot
1422 786 1531 852 equi
1560 785 1704 836 nimio

296 870 494 919 fervoris
519 869 672 918 calore
697 867 906 917 suffocati
942 871 1068 924 sunt,
1101 871 1152 914 ut
1182 880 1348 914 eorum
1380 863 1503 914 fetor
1526 862 1707 912 intolle-

295 946 454 996 rabilis
475 945 734 994 exeroitum
759 943 968 1010 graviter
987 942 1233 1008 affligeret.

360 1026 458 1071 Rex
483 1026 638 1071 autem
663 1020 903 1085 Philippus
935 1018 1113 1068 tamdiu
1145 1018 1275 1067 stetit
1306 1022 1414 1066 ante
1445 1015 1707 1082 predictam

296 1099 478 1156 urbem,
513 1098 641 1162 quod
675 1097 802 1146 cives
831 1096 891 1145 ad
922 1095 1131 1144 victuum
1162 1093 1369 1159 inopiam
1397 1092 1703 1142 declinarent.

295 1179 421 1224 Tunc
445 1174 571 1223 enim
595 1189 754 1222 comes
773 1173 886 1221 Fuxi
913 1177 959 1220 et
984 1170 1289 1236 Raymundus
1313 1169 1485 1235 Roget-i
1506 1168 1567 1218 de
1593 1184 1708 1235 paee

296 1256 611 1299 tractaverunt
635 1249 761 1314 apud
788 1264 949 1314 regem
973 1265 984 1296 ι
1010 1246 1200 1296 tandem
1226 1246 1346 1295 facta
1370 1251 1444 1295 eat
1468 1261 1562 1312 pax
1586 1245 1709 1295 inter

295 1327 450 1391 ipsum
485 1341 647 1390 regem
687 1331 735 1373 et
771 1325 1008 1373 civitatem
1042 1324 1131 1372 sub
1163 1324 1250 1372 hac
1283 1322 1458 1380 forma,
1492 1321 1710 1372 videlicet

295 1403 440 1468 quod,
476 1403 512 1452 si
543 1405 710 1452 Petrus
734 1402 793 1451 de
818 1401 1076 1467 Arragonia
1105 1417 1199 1449 non
1225 1400 1500 1450 subveniret
1527 1399 1710 1450 civibus

297 1479 414 1528 infra
438 1485 546 1528 octo
570 1478 688 1538 dies,
717 1478 844 1527 cives
868 1477 1134 1543 aperientes
1159 1476 1327 1526 urbem
1361 1492 1494 1526 suam
1525 1475 1711 1541 predio-

295 1561 409 1614 tam,
439 1554 693 1604 redderent
717 1570 768 1603 se
796 1559 843 1602 et
868 1553 990 1602 bona
1016 1569 1099 1602 sua
1122 1552 1241 1618 regi.

361 1635 525 1681 Petrus
544 1647 660 1680 vero
685 1630 745 1680 de
764 1630 1041 1696 Arragonia,
1063 1628 1231 1678 diebus
1248 1635 1356 1678 octo
1375 1628 1589 1679 nundum
1605 1628 1711 1679 fini-

296 1709 374 1768 tis,
393 1709 696 1775 congregavit
716 1708 1087 1774 quadringentos
1104 1707 1275 1757 milites
1293 1714 1342 1757 et
1358 1708 1419 1774 ij·
1436 1707 1645 1774 pedites¹
1662 1714 1711 1758 et

295 1791 527 1834 venerunt
551 1785 652 1834 sine
683 1785 817 1851 equis
847 1784 907 1833 ad
935 1784 1189 1850 quemdam
1223 1784 1379 1834 locum
1410 1785 1491 1834 ubi
1521 1785 1711 1835 insidia-

296 1863 466 1911 bantur
507 1862 681 1911 nostris
720 1862 801 1926 qui
849 1861 1063 1910 ferebant
1105 1861 1322 1910 victualia
1365 1878 1455 1926 pro
1498 1861 1710 1911 exercitu

295 1943 597 1988 Francorum.
622 1941 735 1987 Erat
757 1943 915 1987 autem
933 1937 1091 2004 vigilia
1109 1937 1456 2003 Assumptionis
1471 1937 1554 1987 Dei
1572 1938 1711 1988 Geni-

296 2016 440 2064 tricis.
476 2018 684 2079 Cumque
708 2015 795 2063 hec
820 2020 1126 2064 narrarentur
1148 2014 1342 2064 domino
1373 2014 1625 2080 Rodulpho
1649 2014 1710 2065 de

296 2093 488 2158 Nigella‚
505 2092 895 2148 conestabulario,
910 2098 958 2140 et
970 2090 1237 2141 Johannide
1253 2091 1512 2149 Haricuria‚
1530 2107 1709 2141 marea-

297 2169 414 2217 callo
431 2169 641 2227 ancie,
664 2174 1042 2217 convocaverunt
1065 2167 1286 2217 comitem
1309 2167 1510 2217 Marchie
1533 2173 1582 2216 et
1604 2167 1710 2233 plu-

347 2329 381 2364 1.
405 2327 628 2366 Guillaume
647 2327 695 2366 de
713 2328 865 2376 Nangis
884 2327 954 2375 dit,
974 2327 1072 2365 dans
1092 2327 1149 2364 les
1168 2328 1285 2374 Gesta,
1311 2338 1386 2376 que
1410 2327 1546 2365 Pierre
1567 2326 1709 2365 d’Ara-

300 2397 376 2435 gon
397 2386 500 2423 avait
527 2387 638 2424 reuni
665 2386 733 2424 300
760 2385 976 2424 chevaliers
1001 2391 1040 2423 et
1064 2386 1174 2434 2000
1198 2387 1377 2423 hommes
1403 2385 1450 2423 de
1478 2385 1576 2434 pied.
1598 2385 1709 2423 Dana

300 2455 344 2481 sa
365 2445 573 2490 chronique
601 2445 761 2488 (edition
785 2444 956 2492 Ger-aud,
975 2450 1004 2482 t.
1031 2444 1065 2492 I,
1094 2456 1132 2493 p.
1162 2444 1258 2491 265),
1286 2456 1338 2482 on
1365 2444 1409 2482 lit
1437 2456 1488 2482 au
1514 2444 1709 2482 contraire

301 2503 368 2540 500
389 2503 605 2544 chevaliers
625 2509 664 2540 et
683 2503 792 2549 3‚000
807 2504 986 2541 hommes
1004 2503 1052 2540 de
1064 2502 1164 2551 pied.
1181 2503 1404 2540 Guillaume
1418 2503 1557 2540 Guiart
1568 2503 1707 2540 estime

300 2562 335 2598 le
368 2561 529 2598 nombre
562 2561 630 2600 des
659 2562 881 2611 Aragonais
909 2562 933 2598 ὲ
962 2563 1051 2610 pres
1080 2561 1127 2599 de
1158 2562 1227 2600 500
1264 2562 1442 2599 hommes
1472 2561 1638 2599 d'armea
1667 2566 1708 2599 et

301 2620 408 2667 3,000
428 2620 606 2657 hommes
630 2621 677 2658 de
696 2621 796 2668 pied.
818 2623 972 2666 (Πίσων.
991 2622 1034 2658 de
1046 2622 1122 2665 Fr„
1138 2626 1170 2658 t.
1185 2621 1323 2668 XXII,
1338 2633 1375 2669 p.
1391 2621 1476 2668 2¹5,
1489 2631 1579 2659 vera
1591 2620 1707 2658 12556

300 2684 339 2715 et
360 2679 501 2725 12558.)
