1838 3164
59 286 163 334 13¹2]
328 290 701 324 cunoNOGRAPmA
726 288 880 324 moun
904 289 1183 324 muconmt.
1391 286 1462 325 209

120 372 216 418 Hec
243 368 620 435 nephandissima
643 373 692 416 et
713 366 1067 416 sceleratissima
1091 373 1217 426 sunt,
1246 383 1339 432 que
1362 366 1465 416 istis

55 445 329 510 Templariis
346 445 654 510 imponuntur
670 448 719 492 et
736 458 919 491 summe
937 443 1228 492 detestabilia
1248 448 1297 492 et
1319 442 1465 492 abho-

52 521 290 570 minabilis
307 522 496 571 cuilibet
513 519 775 571 Christiano
795 536 806 567 :
826 535 920 583 que
939 520 1081 568 etiam
1100 521 1232 569 multi
1253 521 1465 586 ipsorum

53 598 99 646 in
137 614 285 664 regno
321 597 514 647 Francie
548 601 596 645 et
630 594 763 653 alibi,
801 601 849 643 et
883 596 1147 660 specialiter
1182 596 1465 662 principales

52 675 263 740 magistri
295 674 476 724 ordinis
507 671 686 738 Templi
717 671 902 737 publice
933 677 1044 720 sunt
1073 671 1292 721 confessi.
1327 676 1466 722 Erra-

52 751 167 800 bant
190 757 347 801 autem
372 749 644 815 turpissime
669 755 717 798 et
741 748 1136 814 nephandissime,
1158 749 1199 797 si
1223 766 1334 798 vera
1357 756 1466 799 sunt

51 845 144 894 que
167 828 404 880 dicuntur,
432 830 660 892 quantum
684 824 743 875 ad
769 824 998 891 principia
1021 824 1133 875 fidei
1159 830 1209 875 et
1238 831 1466 891 quantum

51 905 110 954 ad
132 905 362 971 principia
383 909 567 961 nature,
593 909 818 968 tanquam
838 907 1052 969 apostate
1072 902 1270 969 perfidie
1292 919 1466 970 negan-

50 986 123 1030 tes
157 980 268 1030 fidei
305 979 662 1030 fundamentum
691 997 703 1028 t
732 996 842 1029 nam
877 979 1136 1030 secundum
1174 980 1461 1046 apostolum,

50 1056 404 1107 fundamentum
440 1055 567 1105 aliud
604 1072 743 1105 nemo
779 1061 938 1122 potest
974 1072 1175 1121 ponere,
1216 1061 1380 1121 preter
1418 1056 1466 1105 id

50 1133 177 1199 quod
210 1134 418 1200 positum
450 1138 539 1191 est,
571 1132 699 1198 quod
729 1138 803 1184 est
832 1133 1001 1183 Jhesus
1028 1132 1256 1183 Christus.
1284 1135 1343 1182 Et
1374 1148 1466 1182 non

51 1211 288 1261 modicum
319 1211 527 1277 stuporis
558 1218 606 1260 et
636 1210 957 1261 admirationis
987 1210 1189 1268 inducit,
1223 1209 1467 1276 quomodo

50 1288 97 1337 in
124 1293 195 1338 tot
223 1295 272 1338 et
297 1289 439 1338 tantis
467 1294 515 1337 et
540 1294 638 1337 tam
665 1288 904 1354 provectis
931 1287 1198 1338 hominibus
1232 1286 1468 1336 nobilibus

49 1371 95 1413 et
134 1363 440 1430 ignobilibus,
479 1364 777 1414 diversorum
816 1379 1044 1430 generum
1083 1371 1130 1413 et
1169 1362 1467 1413 diversarum

48 1440 336 1507 linguarum,
368 1441 578 1491 educatis
608 1459 636 1490 a
666 1441 904 1508 legittimis
936 1439 1213 1507 parentibus
1227 1478 1238 1498 ,
1276 1440 1467 1490 nutritis

47 1517 172 1567 inter
201 1518 500 1568 fidelissimos
529 1517 834 1575 Christianos,
865 1517 1019 1583 potuit
1048 1522 1144 1566 tam
1171 1516 1345 1573 subito,
1374 1533 1466 1566 non

48 1594 201 1644 solum
235 1594 311 1644 lex
341 1594 451 1644 fidei
482 1592 757 1652 christiane,
792 1609 960 1643 verum
995 1592 1137 1642 etiam
1170 1592 1247 1642 lex
1281 1598 1463 1650 nature,

47 1676 145 1720 tam
169 1671 371 1736 turpiter
397 1676 444 1721 et
468 1670 753 1719 horribiliter
777 1669 1038 1725 obfuscari3
1060 1668 1303 1734 quomodo
1325 1668 1467 1719 etiam

46 1747 270 1814 Princeps
288 1747 608 1805 tenebrarum,
632 1747 859 1796 intrantes
878 1745 1096 1796 ordinem
1115 1745 1246 1795 illum
1268 1751 1468 1811 propter

46 1824 274 1874 honorem
305 1823 475 1874 Christi
505 1829 553 1872 et
583 1822 643 1872 ad
673 1822 844 1873 Christi
871 1822 1063 1889 injurias
1087 1822 1394 1872 vindicandas
1419 1828 1468 1871 et

45 1900 105 1951 ad
136 1901 456 1952 defensionem
487 1906 536 1950 et
566 1900 973 1967 recuperationem
1004 1902 1147 1950 Terre
1180 1901 1371 1956 Sancte,
1405 1899 1466 1949 ad

45 1977 375 2028 debellandum
413 1977 627 2027 inimicos
669 1976 780 2027 fidei
822 1976 1096 2034 christiane,
1143 1981 1330 2041 poterat
1367 1983 1462 2025 tam

45 2054 138 2104 cito
161 2060 432 2120 pervertere
457 2061 506 2104 et
532 2054 579 2103 in
612 2053 900 2103 contrarium
932 2058 1030 2103 tam
1062 2052 1265 2118 turpiter
1288 2059 1336 2102 et
1365 2059 1462 2101 tam

43 2129 252 2196 graviter
293 2129 544 2181 immutare
588 2135 635 2178 et
677 2127 923 2178 infeliciter
963 2133 1010 2176 et
1052 2126 1310 2176 enormiter
1349 2143 1461 2192 pos-

45 2206 232 2256 sidere!

109 2286 289 2334 Rursus
320 2284 359 2333 si
389 2283 498 2333 talia
530 2295 623 2333 non
652 2284 882 2333 haberent
916 2282 1184 2339 veritatem,
1221 2281 1461 2346 quomodo

44 2361 325 2428 principales
353 2360 549 2420 ordinis,
584 2361 663 2427 qui
697 2367 830 2410 erant
861 2358 1104 2410 exercitati
1134 2358 1180 2407 in
1212 2357 1376 2415 armis,
1414 2358 1460 2406 in

45 2439 218 2504 quibus
232 2445 387 2488 metus
402 2438 693 2488 inordinatus
711 2438 772 2487 de
792 2437 911 2487 facili
932 2436 1101 2486 cadere
1121 2451 1216 2484 non
1236 2434 1458 2492 debebat,

45 2521 142 2564 tam
160 2515 286 2574 vilia,
308 2521 406 2565 tam
425 2515 660 2566 horrenda
685 2531 847 2565 coram
871 2520 968 2563 tota
993 2512 1307 2563 Universitate
1332 2512 1462 2562 Pari-

46 2592 187 2641 siensi
204 2598 252 2641 et
266 2591 572 2657 postmodum
588 2593 723 2643 multi
740 2593 814 2642 alii
831 2607 991 2640 coram
1006 2590 1310 2640 sanctissimo
1326 2593 1462 2639 Patre

48 2671 242 2718 Summo
266 2669 488 2719 Pontifice
513 2675 676 2719 contra
694 2687 745 2719 se
764 2676 812 2719 et
831 2685 968 2718 suum
989 2667 1205 2717 ordinem
1223 2673 1332 2716 sunt
1351 2683 1465 2716 con·

47 2746 189 2796 fessi?
214 2749 269 2796 Et
295 2747 335 2796 si
358 2763 471 2796 vera
491 2754 600 2797 sunt
620 2747 948 2797 universaliter
965 2744 1120 2810 quoad
1140 2761 1322 2802 omneS,
1346 2761 1465 2809 quo-

198 2835 211 2866 1
1274 2828 1316 2864 ¹4
