1838 3164
316 296 383 333 270
594 295 963 331 cunouoouruu
990 294 1141 329 noun
1165 293 1444 329 mNGOlUU.
1606 291 1714 338 {¹³²3

312 386 354 427 et
383 378 507 426 dicto
537 376 761 434 Roberto,
789 375 1019 426 avunmio
1048 374 1166 440 ejus,
1191 374 1321 439 quod
1350 389 1441 423 una
1465 372 1542 423 die
1566 374 1715 424 nomi-

312 461 436 512 nata,
464 458 621 503 essent
643 453 690 501 in
714 454 884 502 Sancto
908 451 1194 503 Audomsro.
1221 450 1309 510 Qui
1333 449 1395 500 nd
1413 450 1503 500 hoc
1520 465 1716 501 consen-

310 531 500 587 cientes,
523 536 753 579 venerunt
771 528 847 579 die
866 529 1045 595 prefixa
1069 527 1127 577 ad
1153 529 1376 577 Sanctum
1397 525 1716 576 Andomarum

310 624 418 658 cum
443 606 602 657 multis
626 605 861 657 nobilibus
883 612 933 656 et
956 605 1169 672 plurimis
1193 604 1254 654 de
1277 603 1416 654 bonis
1439 603 1560 654 villis
1584 604 1719 655 Flan-

310 684 437 743 drie;
464 690 512 733 et
539 690 652 734 tunc
680 683 800 734 facta
822 689 901 733 est
921 700 1013 749 pax
1038 683 1161 732 inter
1184 681 1405 731 comitem
1431 680 1718 731 flandrie&

309 761 590 811 avunculum
613 777 769 820 suum,
798 765 1079 827 procurante
1102 758 1340 808 eomitissa
1364 757 1611 808 Artbesii¹.

372 839 489 888 Cum
505 843 662 887 autem
687 843 850 902 postea
875 841 1130 886 tractarent
1150 834 1211 884 de
1235 834 1509 884 liberatione
1530 833 1719 885 comitis

308 914 551 973 Namurtii,
580 931 701 963 nova
726 920 956 964 venerunt
979 911 1109 978 quod
1141 912 1268 964 idem
1300 928 1461 962 comes
1491 911 1716 963 Namurtii

308 996 521 1040 evaserat
549 991 610 1040 de
639 1006 826 1040 carcere
858 990 950 1039 isto
980 988 1124 1039 modo
1157 1007 1167 1037 :
1201 988 1404 1040 habebat
1434 1005 1637 1056 namque
1669 989 1717 1039 in

308 1067 476 1133 Brugis
499 1067 753 1131 quemdam
773 1067 994 1124 amicum,
1018 1066 1093 1116 cui
1118 1065 1253 1131 prius
1276 1065 1459 1116 iocutm
1483 1066 1635 1116 suerat
1656 1064 1718 1116 de

307 1142 581 1193 liberatione
613 1144 702 1193 sui.
737 1144 815 1193 ule
853 1142 1046 1208 quidem
1077 1143 1221 1193 homo
1251 1147 1587 1208 preparaverat
1620 1148 1719 1192 tres

306 1233 454 1284 equos
473 1227 607 1270 extra
627 1220 810 1269 villam²
830 1219 1044 1285 dixitque
1064 1219 1222 1269 comiti
1241 1218 1377 1284 quod
1395 1235 1447 1268 se
1469 1217 1719 1286 expediret

306 1301 353 1344 et
378 1296 506 1360 quod
538 1302 810 1362 expectaret
832 1312 940 1346 eum
966 1296 1012 1345 in
1038 1295 1167 1346 curis
1191 1294 1272 1345 ubi
1296 1294 1500 1345 debebat
1522 1294 1719 1346 duceti-

305 1371 420 1421 dere
440 1389 527 1438 per
544 1372 749 1438 quodam
770 1373 876 1438 (sic)
906 1372 1142 1422 foramen⁸
1164 1371 1260 1438 jam
1285 1372 1347 1422 ad
1372 1372 1461 1422 boc
1483 1378 1713 1438 optutum.

369 1451 579 1514 Cumque
597 1449 819 1499 custodes
839 1448 901 1499 de
921 1454 1059 1499 nocte
1078 1449 1357 1508 dormirent,
1376 1448 1503 1515 oepit
1521 1447 1716 1499 cordam

304 1541 396 1589 qua
427 1526 647 1591 provisus
678 1532 780 1575 erat
807 1532 857 1575 et
879 1525 1124 1575 descendit
1155 1542 1242 1592 per
1264 1525 1444 1575 dictum
1473 1524 1716 1583 foramem

304 1619 412 1652 cum
441 1610 599 1652 autem
627 1603 953 1661 descenderet,
981 1603 1063 1668 qui
1087 1603 1367 1669 expectabat
1390 1617 1499 1652 eum
1523 1601 1718 1652 inferius

305 1679 449 1728 traxit
473 1696 582 1728 eum
604 1695 691 1745 per
715 1679 968 1730 fenestram
990 1685 1143 1738 extra,
1172 1685 1494 1744 exeuntesque
1511 1678 1719 1729 intrave-

305 1763 414 1807 runt
449 1773 649 1822 parvum
678 1757 860 1816 vicum,
893 1774 952 1806 ne
981 1757 1257 1807 viderentur
1284 1774 1312 1806 a
1343 1755 1558 1806 mstodin
1587 1754 1713 1806 ville.

302 1833 501 1893 Deinde,
543 1834 747 1884 diluculo
783 1840 1035 1901 pergentes
1072 1833 1132 1883 ud
1167 1850 1316 1899 equos
1351 1849 1488 1891 suos,
1530 1832 1716 1883 mine

303 1909 610 1975 percipiente,
637 1915 907 1960 evaserunt.
1196 1915 1200 1917 ⁴

368 1989 485 2036 Cum
516 1986 603 2036 hec
633 2003 757 2036 nova
779 1987 995 2036 venirent
1018 1986 1066 2035 in
1092 1988 1264 2036 Sancto
1286 1986 1558 2036 Andomaro
1586 1988 1712 2052 (sio),

303 2062 495 2126 quidam
514 2063 863 2130 Flamingorum
881 2062 1008 2113 letati
1027 2069 1163 2122 sunt3
1185 2062 1294 2112 inde
1311 2065 1578 2130 Brugenses
1597 2079 1716 2113 vero

301 2138 551 2189 formidine
572 2141 785 2206 percussi
804 2147 930 2191 sunt.
953 2139 1046 2190 Sed
1065 2141 1175 2205 quia
1193 2141 1497 2191 veneruntad
1521 2157 1715 2207 reques-

352 2301 385 2337 1.
407 2300 480 2338 Ces
511 2300 766 2339 conferences
797 2300 939 2339 durent
971 2311 1221 2339 commoneor
1250 2311 1301 2338 au
1334 2301 1433 2338 mois
1463 2300 1511 2338 de
1541 2306 1714 2350 septem-

304 2357 371 2395 bre
393 2358 498 2396 1323.

349 2417 385 2454 2.
407 2418 461 2455 Le
481 2424 608 2457 comte
628 2418 676 2456 de
695 2407 850 2456 Namuf
866 2419 1072 2468 s'echappa
1092 2429 1162 2467 par
1182 2419 1219 2455 la
1242 2418 1395 2455 maison
1413 2417 1462 2456 de
1479 2419 1583 2456 Jetn
1601 2418 1712 2457 Van·

304 2475 441 2522 doom,
461 2477 612 2514 voisine
630 2477 678 2514 de
697 2488 742 2514 sa
759 2478 908 2526 prison,
928 2483 969 2516 et
986 2488 1115 2526 gogus.
1133 2477 1171 2514 la
1189 2483 1298 2525 porte
1317 2477 1365 2515 de
1384 2477 1423 2514 la
1440 2476 1649 2525 Bouverie,
1662 2480 1712 2516 οὐ

304 2533 371 2572 des
392 2535 569 2572 chevaux
589 2535 872 2574 l’attendaient.
894 2536 931 2584 (⁹
952 2535 1110 2575 octobre
1133 2535 1240 2573 1323.
1260 2556 1308 2563 —
1333 2535 1468 2574 Baton
1485 2536 1648 2586 Kervyn
1665 2536 1715 2574 de

301 2593 559 2642 Lettenhove‚
579 2596 738 2632 Histoire
756 2597 800 2632 de
819 2597 991 2639 Flamin-s.
1006 2601 1036 2633 t.
1058 2595 1131 2643 111,
1151 2607 1190 2643 p.
1213 2595 1309 2643 1¹7.)

350 2651 385 2689 3.
406 2652 463 2689 La
486 2653 695 2700 chronique
720 2656 930 2692 normands
958 2656 1016 2702 (p.
1046 2653 1111 2699 33)
1140 2659 1301 2692 raconte
1331 2664 1408 2703 que
1438 2654 1475 2694 le
1505 2660 1633 2693 comte
1662 2654 1712 2693 de

301 2708 452 2747 Namur
482 2725 499 2745 ι
529 2712 723 2760 eschappa
753 2723 823 2761 par
855 2714 893 2751 le
922 2718 1010 2750 treu
1039 2712 1132 2750 d’un
1162 2714 1271 2761 prive
1303 2713 1381 2751 lieu
1411 2714 1480 2762 qui
1502 2714 1619 2752 estoit
1642 2725 1711 2752 sur

304 2782 322 2803 α
346 2769 482 2807 l'eaue.
511 2784 526 2805 ι
1348 2765 1355 2778 “
