1838 3164
93 302 198 350 1316]
367 306 738 340 ΟΗΒΟΝΟῦΚΑΡΗΙΑ
763 305 916 339 amun
941 305 1219 339 Funcomnt.
1424 300 1491 338 227

90 386 312 436 comitem
347 387 562 437 Flandrie
606 393 656 436 et
693 385 966 451 procuravit
1000 384 1209 434 inducias
1247 399 1397 448 usque
1432 382 1493 432 ad

89 462 407 528 Magdalenam
428 462 700 513 immediate
721 466 997 525 sequentem
1007 461 1023 491 ¹
1034 497 1045 509 .

153 539 331 598 Quibus
354 539 570 598 firmatis,
597 543 828 586 venerunt
847 553 969 585 nova
994 536 1051 584 ad
1072 536 1309 600 prefatum
1330 551 1495 602 regem

89 616 299 675 Francie‚
323 616 452 682 quod
472 619 595 681 Papa
616 614 833 664 Clemens
857 615 930 663 Ψ·
944 612 1183 670 obierat²;
1205 613 1338 678 cujus
1355 629 1495 662 causa

88 693 366 742 convocavit
387 692 632 743 consilium
654 697 703 740 et
728 689 865 739 scivit
889 689 1018 755 quod
1037 689 1297 738 cardinales
1316 690 1496 739 invide-

88 775 194 818 rent
217 770 334 819 alter
364 769 517 828 alteri,
544 784 631 817 nec
655 767 876 817 volebant
909 766 1111 832 aliquem
1136 766 1210 815 sui
1242 766 1416 832 eligere
1439 766 1495 815 'in

88 849 279 912 Papam.
300 845 523 907 Quocirca
549 844 675 894 idem
695 861 799 904 rex,
822 843 983 895 habito
1005 843 1218 902 consilio,
1239 843 1366 892 misit
1390 843 1498 892 Phi-

87 922 292 988 lippum,
331 923 551 972 comitem
589 922 938 980 pictavensem,
978 920 1174 971 fratrem
1211 936 1349 970 suum
1388 936 1496 969 cum

87 1014 253 1065 magna
279 998 578 1049 multitudine
603 998 849 1048 hominum
863 1003 1172 1056 armatorum,
1192 997 1440 1063 injungens
1454 996 1497 1044 ei

89 1091 147 1124 ne
171 1075 466 1141 permitteret
490 1074 745 1124 Ecclesiam
778 1073 970 1125 deviare
994 1079 1194 1139 propter
1224 1071 1497 1139 superbiam

86 1151 391 1202 cardinalium
421 1158 467 1201 et
499 1150 628 1216 quod
653 1156 869 1201 moneret
892 1150 1153 1200 cardinales
1191 1155 1244 1201 ut
1273 1150 1500 1217 eligerent

87 1228 133 1277 in
171 1229 373 1279 Ecclesia
406 1231 650 1279 Summum
688 1227 981 1287 Pontificem,
1016 1227 1088 1277 sin
1117 1235 1276 1278 autem
1306 1231 1500 1294 cogeret

89 1306 220 1355 eos'.

151 1381 278 1432 Abiit
314 1382 470 1447 itaque
494 1398 656 1432 comes
687 1381 969 1448 Lugdunum
1001 1397 1146 1447 super
1181 1380 1429 1431 Rodanum
1453 1387 1501 1430 et

87 1459 334 1525 proposuit
351 1459 667 1509 cardinalibus
681 1475 873 1509 causam
891 1475 1038 1524 quare
1056 1474 1143 1509 rex
1162 1458 1355 1508 miserat
1369 1474 1497 1508 eum.

87 1535 354 1587 Cardinales
397 1552 515 1586 vero
557 1536 621 1585 ibi
666 1536 943 1594 existentes,
983 1534 1095 1585 inde
1137 1550 1421 1601 responsum
1456 1534 1499 1582 ei

135 1671 170 1709 1.
191 1669 446 1709 Οόιι-ὲ-ᾶίτο
462 1669 645 1719 jusqu’su
663 1669 709 1708 22
726 1669 872 1719 juillet.

133 1729 169 1768 2.
193 1729 247 1768 Le
274 1729 538 1779 chroniqueur
555 1729 664 1778 place
685 1727 708 1765 a
728 1732 805 1767 tort
831 1728 915 1767 cela
939 1728 1002 1767 ici.
1025 1727 1205 1767 clement
1227 1728 1261 1765 V
1280 1728 1374 1767 etait
1400 1735 1501 1767 mort

86 1788 221 1838 depuis
242 1788 278 1826 le
295 1788 343 1827 20
361 1788 461 1827 avril
482 1787 588 1826 1311.

133 1845 168 1885 3.
190 1845 308 1885 Leuis
329 1845 368 1884 X
388 1845 494 1885 avait
512 1847 680 1895 savoya,
695 1845 729 1883 le
751 1846 795 1884 13
815 1846 958 1884 fevi-ier
972 1846 1079 1895 1315,
1094 1846 1267 1896 l’svsqua
1286 1846 1333 1884 de
1355 1846 1501 1894 Senlis,

86 1903 220 1943 Pierre
246 1903 446 1952 Barriera,
472 1914 523 1943 en
552 1904 782 1954 compaguia
813 1903 861 1942 de
893 1904 1067 1955 l’avsque
1099 1904 1146 1942 de
1177 1904 1362 1944 Soissonn
1386 1910 1424 1943 et
1449 1904 1500 1942 du

86 1968 213 2002 comte
232 1963 279 2001 de
299 1963 517 2012 Boulogne,
537 1963 560 2000 ὁ,
580 1961 781 2012 Avignou,
808 1962 886 2001 afin
913 1963 961 2001 de
987 1963 1143 2001 decidet
1162 1962 1219 2000 les
1244 1962 1457 2002 cardinaux
1478 1963 1500 1999 a

86 2022 362 2072 veuirjusqu'&
374 2022 485 2071 Lyon
505 2033 603 2072 pour
618 2022 802 2071 procedet
815 2023 839 2059 a
852 2023 1047 2061 l'election
1066 2022 1116 2060 du
1138 2034 1318 2061 nouveau
1338 2023 1499 2072 pontife.

85 2082 148 2120 En
167 2082 295 2121 meme
314 2087 456 2132 temps,
477 2082 512 2121 le
533 2082 590 2120 roi
609 2081 715 2120 avait
736 2083 880 2131 charge
900 2082 1074 2132 l’eveque
1094 2082 1141 2120 de
1160 2083 1291 2122 Sentis
1311 2082 1358 2122 de
1380 2083 1502 2132 nego-

86 2141 167 2178 cier
195 2152 248 2179 un
279 2146 462 2191 emprunt
493 2140 539 2178 de
572 2146 664 2179 cent
695 2141 803 2179 mille
834 2142 970 2179 florius
1002 2143 1142 2190 supres
1173 2141 1224 2180 du
1253 2142 1420 2181 vicomta
1452 2141 1498 2181 de

87 2200 285 2249 Lomague
302 2213 310 2237 z
330 2214 348 2236 ι
364 2199 424 2239 Re
438 2211 545 2247 vers,
561 2199 708 2238 domini
729 2200 963 2247 cardinales,
978 2212 1067 2239 cum
1082 2207 1176 2239 tunc
1190 2203 1295 2240 inter
1309 2213 1377 2240 eos
1396 2208 1500 2240 esset

87 2273 104 2296 ι
125 2259 264 2298 divisio
284 2269 441 2309 magna,
458 2270 536 2298 non
555 2259 893 2298 concordaverunt
906 2259 975 2297 illa
989 2261 1073 2298 vice
1091 2261 1227 2298 venire
1241 2260 1476 2310 Lugdunum
1487 2274 1496 2305 ;

88 2331 106 2353 ι
127 2323 399 2356 verumtamen
418 2315 545 2356 dictus
565 2317 797 2365 vicecomes,
818 2323 1053 2367 procurante
1078 2318 1182 2358 dicto
1207 2319 1333 2357 electo
1353 2319 1497 2368 [Silva-

88 2391 104 2413 ι
128 2376 334 2424 nectensil.
357 2376 505 2415 dictum
528 2382 711 2415 mutuum
738 2377 865 2415 facere
890 2377 1067 2426 promisit
1087 2382 1126 2415 et
1144 2378 1194 2416 ob
1212 2378 1287 2417 hoc
1313 2379 1354 2416 in
1376 2378 1500 2416 Fran-

89 2451 106 2472 «
128 2436 230 2475 ciam
250 2436 358 2474 venit
376 2443 415 2474 et
434 2435 650 2485 predictum
675 2442 855 2474 mutuum
883 2437 973 2475 fecit
993 2442 1031 2475 et
1050 2437 1155 2475 dicto
1177 2437 1335 2476 domino
1354 2438 1437 2487 regi
1457 2437 1499 2475 in

0 2541 6 2549 ι
90 2510 108 2532 ι
131 2507 271 2546 guerra
290 2495 463 2545 predicta
481 2507 572 2535 cum
592 2502 831 2535 armatorum
851 2496 1100 2534 multitudine
1119 2507 1264 2546 magns
1285 2497 1458 2535 servivit.
1480 2510 1496 2532 ι

0 2550 5 2563 ²
89 2557 144 2595 Le
163 2556 291 2594 meme
310 2556 435 2605 prelat
449 2566 713 2607 accompagna
732 2556 768 2594 le
787 2561 913 2595 comte
927 2555 973 2593 de
988 2556 1155 2594 Poitiers
1173 2555 1272 2594 dans
1285 2556 1323 2594 le
1335 2556 1500 2594 mission

0 2612 6 2649 ἰ
89 2626 165 2665 que
190 2615 310 2654 Louis
335 2615 376 2653 X
402 2615 457 2654 lui
482 2615 610 2655 confla
635 2617 775 2665 aupres
796 2616 864 2654 des
890 2615 1103 2654 cardinaux
1129 2629 1145 2651 ι
1169 2621 1225 2664 ut,
1251 2616 1294 2654 in
1319 2627 1501 2665 regnum,

0 2681 8 2718 ,ἡ
92 2689 110 2711 ι
132 2675 362 2714 electionem
384 2674 618 2713 celebraturi
637 2675 830 2714 venirent.
851 2689 866 2711 ι
889 2675 949 2713 On
970 2680 1147 2713 constate
1166 2686 1241 2725 que
1262 2675 1435 2726 l’eveque
1453 2674 1500 2714 de

0 2724 7 2747 '¹
93 2732 224 2771 Senlis
245 2744 295 2771 ne
315 2733 498 2783 seiourna
516 2744 586 2783 pas
603 2733 732 2773 moins
751 2734 799 2772 de
817 2740 907 2772 cent
926 2739 1054 2773 trente
1069 2734 1179 2784 iours
1198 2735 1221 2771 a
1241 2735 1365 2784 Lyon.
1385 2734 1500 2783 (Bibl.

0 2828 3 2857 ἱ
92 2798 191 2839 nat.,
211 2792 322 2831 fonds
343 2793 465 2842 frenc.
487 2792 618 2840 23256,
640 2793 703 2831 l'ol.
727 2794 769 2831 54
790 2798 829 2831 et
850 2795 894 2831 55
917 2802 978 2835 ν.)

0 2876 9 2915 ι,

0 2928 11 2958 ἒ
