1838 3164
81 264 185 312 ¹32¹]
353 269 723 303 cunouocmrflu
748 269 901 302 RBGUH
927 269 1207 303 mmmmm.
1413 265 1480 302 253

143 349 291 395 Porro
316 347 533 397 dominus
557 346 790 396 Robertus
811 346 917 394 Sine
941 347 1129 406 Terra¹,
1154 347 1275 396 filius
1299 346 1482 395 comitis

79 423 309 482 Flandrie,
337 425 469 490 cujus
497 440 581 473 cor
609 423 819 473 inflatum
850 429 951 470 erat
981 440 1068 487 per
1097 423 1341 472 consilium
1364 441 1483 489 quo-

77 500 295 549 rumdam
311 500 646 556 federatorum,
667 497 879 547 nundum
898 498 1175 548 habencium
1192 516 1356 565 pacem
1374 516 1481 549 cum

77 592 206 642 rege,
229 594 288 625 ex
309 594 367 626 eo
385 576 515 642 quod
531 575 653 625 filius
671 574 828 623 fratris
846 574 918 623 sui
937 581 1062 624 esset
1080 576 1216 625 heres
1233 577 1483 626 comitatus

77 652 308 711 Flandrie,
331 658 379 701 et
396 666 679 717 quamquam
697 650 895 716 fingeret·
913 666 965 699 se
982 667 1077 699 non
1101 668 1266 701 curare
1286 658 1484 718 propter

77 728 296 778 timorem
320 728 468 795 patris
487 727 581 786 sui,
609 726 898 776 machinatus
916 732 989 776 est
1003 732 1159 777 tamen
1175 728 1223 776 in
1238 728 1381 777 corde
1396 745 1483 778 suo

77 805 250 855 factum
274 804 632 871 nequissimum.

140 886 256 931 Nam
274 881 477 948 quadam
495 880 590 938 die,
612 880 726 929 dum
747 880 1029 939 Ludovicus,
1048 896 1208 931 comes
1227 881 1483 931 Nivernen-

77 958 158 1016 sis,
180 957 340 1007 ivisset
357 957 417 1007 ad
437 958 643 1022 quodam
659 958 762 1023 (sio)
779 958 1122 1023 parlamentum
1136 964 1299 1007 contra
1314 958 1482 1008 ducem

75 1035 329 1085 Brabancie
376 1042 422 1084 et
464 1035 562 1100 jam
604 1040 946 1093 reverteretur,
988 1035 1208 1085 dominus
1251 1035 1484 1085 Robertus

75 1119 298 1177 posuerat
324 1111 515 1161 insidias
547 1112 594 1161 in
623 1112 830 1177 quodam
861 1129 1010 1178 parvo
1044 1129 1253 1171 nemore,
1284 1129 1372 1179 per
1403 1113 1482 1162 ubi

76 1188 234 1238 dictus
256 1188 520 1238 Ludovicus
553 1189 836 1238 transiturus
867 1195 984 1238 erat.
1020 1191 1136 1239 Cum
1166 1195 1323 1239 autem
1358 1189 1483 1239 idem

76 1265 359 1323 Ludovicus,
400 1265 460 1315 de
497 1266 621 1315 nullo
655 1266 882 1324 hesitans,
917 1266 1091 1316 ibidem
1122 1266 1365 1325 transiret,
1402 1267 1483 1332 qui

75 1346 209 1390 erant
227 1341 273 1390 in
292 1357 488 1390 nemore
507 1341 744 1390 irruerunt
759 1357 904 1407 super
921 1358 1031 1391 eum
1050 1358 1104 1390 ac
1122 1341 1184 1391 de
1202 1359 1326 1407 equo
1347 1358 1483 1408 pros-

75 1423 335 1476 traverunt,
360 1417 691 1483 duxeruntque
715 1433 823 1467 eum
848 1417 909 1467 ad
932 1418 1172 1469 castellum
1190 1418 1382 1468 Viane².

140 1497 306 1543 Postea
336 1494 556 1543 dominus
588 1494 821 1544 Robertus
851 1495 980 1544 venit
1012 1494 1071 1544 ad
1107 1502 1290 1561 patrem
1324 1511 1479 1554 suum,

75 1570 236 1620 dicens
253 1571 295 1619 ei
315 1570 443 1636 quod
463 1587 621 1620 comes
639 1571 938 1621 Nivernensis
957 1572 1110 1621 fuerat
1126 1578 1289 1621 contra
1307 1588 1416 1622 eum
1435 1573 1482 1621 in

75 1646 200 1697 dicto
220 1648 557 1714 parlamento³.
585 1668 606 1694 ι
629 1651 745 1715 Ego,
774 1668 795 1694 ι
818 1648 985 1713 inquit,
1009 1668 1030 1695 ‹
1052 1649 1272 1699 dubitans
1286 1666 1345 1699 ne
1361 1650 1484 1699 veri-

79 1742 101 1769 «
131 1729 203 1772 tas
235 1723 303 1773 rei
334 1724 470 1773 vobis
496 1724 749 1782 celaretur,
784 1724 887 1790 cepi
920 1741 1029 1774 eum
1057 1731 1106 1775 et
1139 1726 1274 1792 posui
1305 1727 1352 1775 in
1385 1726 1483 1793 pri-

79 1819 101 1846 «
130 1800 278 1850 sione.
307 1820 329 1847 ι
354 1801 436 1851 Cui
457 1817 616 1851 comes
634 1800 851 1859 credens,
874 1801 993 1851 dixit
1011 1803 1054 1852 ei
1073 1802 1201 1868 quod
1221 1803 1342 1853 bene
1360 1803 1482 1852 sece-

75 1883 163 1927 rat.
197 1877 372 1927 Deinde
400 1877 636 1927 Robertus
663 1878 772 1927 fecit
800 1878 942 1928 scribi
966 1879 1196 1944 quasdam
1221 1880 1398 1930 litteras
1421 1896 1482 1929 ex

74 1962 207 2022 parte
225 1956 426 2016 comitis,
451 1956 621 2006 comite
645 1956 908 2023 ignorante,
931 1958 1063 2023 cujus
1084 1963 1223 2007 tenor
1247 1958 1482 2025 dignosci·

75 2040 152 2083 tur
176 2050 280 2084 esse
302 2033 409 2084 talis
437 2051 447 2082 :

117 2163 156 2200 ’1.
181 2162 325 2200 Robert
337 2161 384 2200 de
398 2162 546 2209 Cassel,
561 2163 705 2201 second
719 2163 779 2200 fils
793 2163 839 2200 de
854 2163 1000 2201 Robert
1013 2163 1060 2200 de
1075 2163 1267 2201 Bethuue.
1283 2163 1387 2201 G’est
1399 2163 1423 2200 a
1433 2174 1477 2202 ce

74 2220 182 2270 point
200 2232 275 2270 que
293 2221 350 2259 les
367 2222 571 2260 Anciormos
590 2224 809 2269 chronique-s
829 2224 871 2259 do
890 2223 1050 2260 Flandro
1066 2229 1301 2271 reprenuent
1317 2223 1351 2261 le
1367 2223 1475 2261 recit.

121 2279 156 2318 2.
179 2280 380 2330 Belgique,
398 2281 583 2330 province
603 2281 650 2319 de
670 2282 707 2318 la
726 2281 892 2318 Flandre
920 2282 1123 2329 orientale,
1150 2282 1479 2320 arrondissemeut

75 2338 239 2386 d‘Alost,
261 2344 405 2378 canton
423 2339 470 2378 de
496 2340 742 2379 Grammont.
765 2341 819 2378 Le
844 2341 965 2379 baron
986 2341 1148 2390 Kervyn
1168 2340 1215 2378 de
1235 2341 1478 2380 Iaettenhove

76 2399 301 2447 (Histoirodo
319 2400 491 2442 mandre.
513 2405 541 2438 t.
562 2399 636 2448 ΙΙΙ,
655 2412 692 2449 p.
717 2400 797 2448 10⁴)
816 2399 871 2438 dit
890 2411 963 2449 que
984 2400 1019 2438 le
1041 2406 1167 2439 comte
1186 2399 1233 2438 de
1254 2401 1403 2439 Nevers
1420 2401 1479 2438 fut

75 2457 248 2495 enferme
267 2456 291 2494 ὲ,
310 2452 592 2506 Rupelmonde.

123 2516 157 2553 3.
191 2516 246 2554 Le
277 2517 553 2555 continuateur
582 2517 630 2556 de
661 2518 886 2556 Guillaume
917 2517 964 2555 de
994 2518 1145 2567 Naugis
1175 2523 1220 2561 (t.
1255 2517 1314 2564 11,
1346 2529 1382 2566 p.
1418 2518 1479 2560 30)

77 2580 236 2614 raconte
261 2575 378 2624 qu'on
403 2587 546 2614 accusa
563 2577 599 2614 le
619 2583 746 2616 comte
766 2578 812 2614 de
839 2577 987 2615 Nevers
1011 2577 1158 2615 d’avoir
1186 2577 1303 2615 voulu
1332 2578 1481 2626 empoi·

76 2644 221 2671 sonner
248 2644 319 2672 son
345 2634 492 2683 percle
520 2640 647 2673 comte
674 2634 722 2673 de
741 2634 921 2673 Flandre.
953 2634 1174 2681 D‘ailleurs,
1204 2646 1248 2672 sa
1267 2635 1422 2673 version
1442 2641 1482 2673 et

76 2692 172 2729 celle
192 2691 259 2728 des
281 2692 443 2730 Grandes
463 2692 690 2740 Chroniquos
714 2695 754 2739 (t.
779 2692 829 2740 V,
849 2704 885 2741 p.
907 2693 978 2731 246
996 2698 1035 2731 et
1058 2692 1141 2736 2⁴7)
1168 2691 1347 2731 different
1367 2692 1480 2731 abso-

77 2749 226 2788 lumem.
244 2749 290 2787 de
310 2751 348 2788 la
368 2751 493 2788 notre.
