1838 3164
312 270 380 308 208
585 267 954 303 cunouoouruu
981 267 1132 300 amun
1159 266 1437 301 ΡΙΑΝΟΟΙΠΙ.
1608 264 1713 312 [13¹2

309 352 393 400 sed
417 350 568 399 adhuc
592 348 671 412 qui
698 346 806 396 talia
829 351 975 413 agunt
998 351 1046 394 et
1069 345 1231 396 dicunt
1254 346 1393 396 licere
1415 352 1465 395 ct
1487 361 1582 396 non
1610 362 1715 396 esse

308 432 568 492 peccatum,
587 430 697 475 sunt
712 423 1032 490 pessimiores,
1052 422 1098 471 in
1115 422 1204 472 hoc
1220 438 1432 472 errorem
1447 427 1495 472 et
1513 421 1715 472 heresim

305 504 351 551 in
378 503 588 552 moribus
611 501 973 551 committentes.
1000 499 1215 549 Secundo
1237 498 1462 549 errabant
1489 505 1716 564 quantum

306 579 366 629 ad
395 580 571 629 bonum
603 579 741 637 utile,
774 578 903 644 quod
936 583 1009 626 est
1040 575 1418 641 concupiscentia
1450 574 1713 634 oculorum,

304 656 412 721 quia
436 656 691 706 credebant
714 655 843 721 quod
865 671 952 721 per
978 654 1046 703 sas
1064 659 1113 702 ct
1131 653 1309 718 nephas
1328 652 1488 702 liceret
1505 652 1575 702 eis
1591 651 1717 702 bona

304 733 579 799 temporalia
600 733 842 798 acquirere
867 730 1195 795 undecunque.
1222 729 1378 779 Tertio
1402 735 1632 795 quantum
1654 727 1715 779 ad

300 810 480 860 bonum
503 809 792 867 honorabile,
818 807 947 873 quod
969 813 1041 856 est
1066 806 1288 873 superbia
1312 806 1426 865 vite,
1452 805 1563 871 quia
1588 805 1717 855 vole-

301 886 416 936 bant
439 886 657 936 omnibus
682 884 955 951 superferri,
981 884 1101 934 sicut
1122 889 1169 934 et
1194 884 1384 949 ipsimet
1409 882 1715 949 postmodum

300 963 521 1014 dixerunt
543 982 554 1012 :
577 980 637 1012 ex
661 963 751 1012 hoc
775 960 1078 1026 sequebatur,
1103 960 1233 1026 quod
1257 959 1479 1010 omnibus
1503 959 1605 1010 aliis
1629 975 1714 1009 seu

299 1041 497 1090 aliorum
534 1039 801 1089 hominibus
844 1037 1118 1088 invidebant
1158 1044 1206 1086 et
1246 1037 1473 1096 creditur,
1514 1042 1715 1103 propter

299 1134 464 1166 eorum
497 1115 722 1165 invidiam
751 1121 799 1164 et
830 1114 1124 1180 superbiam,
1159 1113 1397 1163 civitatem
1423 1116 1715 1164 Aconensem

299 1194 442 1243 fuisse
466 1200 652 1258 captam
671 1199 720 1242 et
738 1192 990 1258 perditam.
1018 1191 1268 1241 Dicebatur
1282 1191 1410 1245 enim
1427 1189 1559 1256 quod
1580 1196 1715 1240 erant

298 1269 434 1319 amici
483 1272 848 1319 Sarracenorum
890 1274 937 1318 et
984 1268 1113 1333 quod
1155 1268 1398 1318 Sarraceni
1439 1267 1502 1318 sd
1545 1283 1712 1318 eorum

297 1353 515 1413 rogatum
539 1346 833 1397 deserebant.

362 1424 475 1473 Aliis
490 1423 762 1474 Christianis
778 1422 997 1473 dicebant
1013 1422 1162 1472 eciam
1174 1422 1418 1472 Sarraceni
1436 1420 1567 1487 quod
1577 1424 1714 1471 Tem-

294 1500 429 1566 plarii
445 1507 581 1551 erant
603 1500 665 1551 de
688 1500 791 1566 lege
816 1506 1042 1565 cooperta
1065 1518 1076 1548 ε
1104 1499 1232 1565 apud
1258 1501 1544 1549 Sarracenos
1561 1498 1710 1557 enim,

295 1578 563 1644 philosophi
588 1584 637 1627 et
671 1578 924 1643 sapientes,
957 1577 1230 1627 simulantes
1259 1592 1312 1626 se
1338 1575 1535 1626 credere
1558 1575 1711 1642 legem

294 1671 460 1704 eorum
481 1671 585 1704 esse
606 1655 798 1713 bonam,
830 1671 940 1704 cum
967 1660 1125 1705 tamen
1151 1654 1212 1703 sit
1236 1660 1335 1703 tam
1360 1652 1708 1711 irrationabilis,

294 1732 474 1781 occulte
495 1739 654 1781 tamen
675 1730 1023 1798 cognoscebant
1047 1746 1193 1780 unum
1212 1746 1317 1780 esse
1340 1733 1507 1789 Deum,
1533 1728 1614 1795 qui
1638 1734 1711 1779 cst

294 1809 448 1874 prima
471 1825 611 1858 causa
635 1808 863 1867 omnium,
889 1813 1033 1873 prout
1056 1808 1104 1856 in
1128 1807 1261 1856 libris
1285 1823 1452 1856 eorum
1474 1806 1646 1872 legitur
1663 1811 1712 1856 et

292 1885 509 1935 habetur.
528 1886 753 1935 Dicuntur
767 1902 871 1935 esse
886 1884 948 1934 de
960 1885 1063 1951 lege
1075 1889 1316 1949 cooperta,
1333 1883 1443 1948 quia
1462 1883 1596 1932 aliter
1607 1898 1711 1932 crc-

292 1961 411 2010 dunt
428 1979 572 2027 quam
585 1962 891 2027 pretendant;
908 1961 977 2011 sic
992 1961 1134 2010 etiam
1149 1961 1259 2026 quia
1271 1960 1482 2010 sciebant
1493 1959 1710 2026 Templa·

291 2039 388 2088 rios
420 2056 515 2088 non
543 2039 738 2089 credere
761 2039 916 2104 legem
944 2038 1264 2097 christianam,
1296 2037 1381 2087 sed
1409 2037 1631 2087 simulare
1657 2053 1710 2087 se

291 2116 507 2175 credere,
530 2117 762 2166 vocabant
785 2133 868 2165 eos
893 2115 954 2165 de
980 2116 1083 2181 lege
1107 2120 1348 2181 cooperta.
1379 2118 1437 2163 Et
1462 2114 1501 2163 si
1526 2113 1710 2164 dicauit

291 2193 417 2258 quod
439 2194 724 2259 quandoque
742 2199 932 2244 strenue
955 2193 1193 2242 bellabant
1215 2198 1380 2241 contra
1402 2194 1703 2250 Sarracenos,

291 2270 541 2320 dicendum
572 2271 702 2335 quod
726 2278 774 2320 et
797 2270 1011 2320 diabolus
1034 2270 1142 2318 facit
1166 2270 1318 2334 aliqua
1345 2270 1496 2326 bona;
1522 2269 1607 2318 scd
1631 2269 1706 2318 illa

290 2348 399 2396 facit
417 2347 674 2396 intentione
692 2347 880 2396 fallendi
897 2346 1157 2396 secundum
1179 2346 1493 2412 Augustinum
1517 2345 1574 2394 de
1603 2344 1707 2394 Tri-

290 2427 451 2473 nitate.
481 2425 555 2473 Sic
579 2431 627 2474 et
650 2423 901 2489 Templarii
925 2424 966 2472 si
994 2423 1225 2472 faciebant
1254 2423 1409 2488 aliqua
1440 2423 1582 2481 bona,
1609 2439 1703 2471 non

290 2505 447 2550 tamen
478 2500 622 2558 bene,
656 2500 766 2565 quia
795 2517 890 2549 non
921 2499 1150 2548 faciebant
1179 2498 1256 2547 illa
1290 2498 1414 2548 bona
1447 2498 1704 2548 intentione

290 2577 503 2641 placendi
523 2581 621 2627 Deo
640 2594 728 2626 nec
745 2576 959 2626 merendi
977 2575 1104 2640 apud
1123 2575 1376 2634 Christum,
1400 2575 1486 2624 sed
1503 2579 1703 2640 propter

290 2655 549 2718 temporale
584 2654 822 2714 luchrum,
859 2653 935 2703 vel
969 2659 1023 2702 ut
1057 2669 1217 2701 coram
1253 2652 1523 2702 hominibus
1556 2667 1703 2717 appa-

291 2737 469 2779 rerent.
