1838 3164
370 267 437 305 198
654 263 1025 300 onnononmvuu
1053 263 1203 297 RBGUU
1228 262 1506 298 ΡΙΑΝῦῠΙῦΙ.
1665 258 1771 305 [1313

366 364 529 399 eorum
561 365 570 395 ε
599 346 818 396 dicebant
843 344 970 395 enim
1001 343 1129 409 quod
1161 344 1199 393 si
1230 344 1486 410 imperator
1515 343 1773 410 aspende-

366 431 496 474 retur
528 423 681 489 capite
712 422 959 481 deorsum,
997 420 1116 471 bene
1150 420 1356 470 facerent
1387 419 1516 486 quod
1549 419 1681 470 virus
1712 419 1774 469 de

365 518 567 568 corpore
589 501 692 569 ejus
717 501 886 551 exiret.

430 589 692 652 Imperator
718 601 858 644 vero,
889 584 998 634 huic
1025 581 1219 633 consilio
1245 580 1551 639 dissentiens,
1579 596 1777 647 respon-

365 662 433 712 dit
459 680 469 711 :
496 681 518 709 ι
541 664 642 711 Non
669 660 849 711 accidet
876 659 1005 726 quod
1034 675 1124 725 pro
1155 658 1249 707 vita
1279 674 1384 707 mea
1413 655 1635 707 salvanda
1665 672 1778 707 evo-

369 758 391 786 «
419 753 547 790 mam
595 737 885 789 salvatorem
933 752 1116 794 meum,
1155 751 1297 801 quem
1345 733 1484 784 hodie
1531 733 1707 800 recepi.
1751 752 1775 781 ο

364 815 605 866 Affuerunt
634 815 776 865 etiam
806 820 854 863 et
884 812 1095 879 mag-istri
1126 812 1174 861 in
1205 811 1460 879 theologia,
1494 810 1703 861 dicentes
1733 810 1776 860 ei

365 891 493 958 quod
525 891 644 941 bene
675 895 995 956 apponeretur
1024 887 1310 947 remedium,
1344 886 1473 952 quod
1502 902 1596 936 non
1632 886 1780 936 offen-

364 968 499 1018 deret
532 984 619 1018 suo
651 965 879 1018 Creatori.
916 964 1136 1014 Finaliter
1164 980 1304 1023 vero,
1342 963 1555 1014 omnium
1583 963 1778 1014 oonsilio

363 1044 660 1103 dissentiens,
689 1048 903 1092 mortuus
928 1046 1023 1100 est3
1051 1040 1350 1106 delatumque
1373 1046 1446 1090 est
1476 1056 1652 1107 corpus
1673 1040 1778 1108 ejus

364 1140 392 1172 a
410 1120 736 1172 Pizanensibus
760 1119 887 1186 apud
908 1118 1080 1176 Pisam,
1103 1117 1272 1168 urbem
1297 1132 1433 1168 suam
1455 1123 1503 1167 et
1526 1116 1703 1167 ibidem
1726 1117 1774 1168 in

365 1198 559 1248 ecclesia
577 1195 831 1247 cathedrali
851 1196 1105 1245 honorifice
1123 1211 1179 1245 ac
1197 1194 1418 1261 regaliter
1434 1194 1669 1260 sepultum
1684 1200 1776 1246 est.

364 1278 512 1324 Porro
537 1273 833 1340 imperatrix,
863 1289 986 1322 uxor
1009 1271 1223 1339 ejusdem
1247 1271 1566 1337 imperatoris,
1588 1286 1699 1322 oum
1717 1270 1780 1323 de

364 1357 518 1400 morte
542 1350 629 1399 viri
656 1349 726 1400 sui
752 1365 994 1400 rumorem
1013 1348 1208 1408 audivit,
1229 1354 1414 1399 tantum
1431 1348 1632 1399 indoluit
1647 1348 1778 1415 quod

365 1427 683 1477 infirmitatem
706 1427 902 1477 incon-it
926 1432 1104 1476 tantam
1128 1442 1183 1476 ac
1206 1426 1365 1485 talem,
1392 1425 1522 1492 quod
1546 1424 1657 1476 inde
1683 1441 1778 1476 non

365 1505 567 1555 multum
597 1509 706 1571 post
738 1503 915 1553 ibidem
944 1503 1148 1554 decessit
1177 1509 1225 1553 et
1255 1503 1302 1553 in
1337 1501 1530 1553 ecclesia
1562 1505 1779 1554 Fratmm

365 1582 596 1632 Minorum
620 1581 803 1647 sepulta
827 1580 1075 1646 quiescit¹.

430 1667 570 1713 Fama
601 1680 715 1713 vero
745 1662 1013 1729 hujusmodi
1036 1662 1275 1730 divulgata
1298 1662 1458 1721 fecit²,
1484 1661 1615 1728 quod
1642 1661 1779 1714 multi

366 1739 507 1789 Italici
525 1756 576 1789 se
595 1738 903 1797 rebellarent;
923 1737 1050 1788 unde
1072 1737 1135 1787 illi
1160 1738 1220 1788 de
1245 1738 1455 1788 exercitu
1479 1738 1781 1804 nuperum-is

365 1816 590 1875 defuncti,
610 1817 691 1882 qui
710 1833 798 1882 per
815 1815 1016 1881 patriam
1035 1821 1169 1865 erant
1183 1814 1403 1881 dispersi,
1423 1831 1601 1881 pavore
1615 1815 1776 1876 soluti,

365 1893 553 1943 insimul
583 1892 852 1959 congregati
881 1897 934 1942 ut
963 1891 1119 1957 prius,
1153 1907 1298 1941 unum
1330 1891 1515 1941 hostem
1545 1891 1775 1952 seoemnt,

366 1986 509 2035 quem
539 1969 782 2035 primates,
814 1968 1031 2019 videlicet
1061 1968 1158 2018 dux
1187 1968 1392 2026 Auso-ie,
1424 1967 1691 2020 Ludovious
1718 1968 1779 2020 de

366 2047 559 2096 Bavaria
599 2045 701 2111 (qui
742 2045 1046 2132 postmodum
1089 2048 1352 2095 Romanum
1395 2044 1647 2111 imperium
1687 2045 1780 2096 nihi

366 2123 593 2189 arripuit;
615 2122 700 2172 sed
721 2123 832 2188 quia
853 2122 944 2172 hoc
965 2122 1074 2172 fecit
1096 2128 1261 2172 contra
1286 2122 1577 2173 voluntatem
1598 2123 1778 2174 Summi

416 2308 449 2344 1.
470 2305 524 2344 Ge
551 2306 868 2355 renseignement
892 2311 952 2345 est
977 2311 1092 2345 exact
1119 2306 1336 2355 (Muratori,
1355 2312 1385 2344 t.
1407 2306 1485 2354 IX,
1504 2307 1579 2345 col.
1599 2307 1704 2356 9071,
1732 2318 1780 2347 co

367 2365 434 2414 qui
462 2365 548 2403 l’est
574 2365 718 2413 moins,
739 2365 835 2403 c'est
859 2375 935 2415 que
962 2364 1236 2414 l'imperatrice
1262 2365 1337 2403 soit
1364 2373 1490 2404 morte
1516 2365 1565 2404 de
1591 2366 1777 2416 choy-im

368 2435 419 2461 en
446 2424 558 2471 effet,
585 2434 657 2461 son
682 2423 783 2461 mari
806 2424 906 2472 perit
929 2433 981 2462 en
1007 2423 1119 2471 1313,
1141 2428 1181 2462 et
1205 2423 1280 2462 elle
1305 2424 1402 2462 etait
1425 2430 1551 2463 morto
1577 2424 1716 2475 depuis
1738 2426 1777 2465 le

370 2484 411 2521 11
434 2483 638 2522 decembre
659 2483 765 2522 1311.

415 2541 451 2579 2.
472 2539 512 2579 Α
530 2542 653 2590 partit
671 2542 719 2580 de
738 2553 783 2581 ce
806 2542 917 2591 point
940 2551 1169 2581 commenco
1192 2553 1272 2581 une
1297 2543 1479 2582 nouvelle
1498 2543 1654 2582 version
1670 2543 1719 2583 de
1738 2545 1778 2583 1⁸

367 2600 471 2648 prise
496 2601 543 2638 de
567 2601 743 2650 Brescia,
770 2613 821 2640 en
848 2602 954 2650 1311,
979 2601 1027 2639 ds
1050 2601 1089 2639 la
1113 2607 1216 2640 mort
1244 2601 1291 2640 de
1316 2602 1394 2640 Gui
1418 2602 1466 2640 ds
1490 2602 1644 2641 Namur
1665 2607 1707 2642 et
1727 2603 1776 2641 ds

370 2659 561 2698 Waleran
579 2659 627 2698 de
650 2660 937 2710 Luxembourg.
957 2659 1013 2698 Ge
1036 2660 1148 2708 tecit,
1167 2660 1234 2709 qui
1259 2660 1329 2698 fait
1346 2660 1487 2699 double
1510 2661 1653 2711 emploi
1679 2672 1776 2701 avec

370 2718 470 2755 celui
490 2719 555 2766 qui
571 2720 747 2767 precede,
769 2730 819 2757 ne
838 2730 880 2758 se
898 2725 1036 2757 trouve
1054 2719 1185 2769 qu‘ici,
1204 2721 1228 2756 ἑ
1247 2731 1312 2758 ma
1331 2720 1630 2760 connaissance.
