1838 3164
360 254 426 291 146
633 253 1001 289 omouoomruu
1029 252 1180 286 amun
1205 251 1483 285 ΠΑΝΟΟΙΠΙ.
1654 247 1757 295 {¹³0⁴

358 333 439 398 qui
461 332 652 397 quidem
671 331 842 382 armari
867 331 1076 382 fecerunt
1094 346 1194 389 eos,
1216 329 1538 379 existimantes
1562 329 1763 380 Flamin-

357 424 443 474 gos
459 423 511 457 se
529 412 694 473 aptare
712 413 763 457 ut
782 408 998 458 venirent
1016 407 1075 456 ad
1099 405 1347 456 iocandum
1368 422 1420 455 se
1440 405 1591 471 magis
1611 420 1763 471 pmpe

356 484 416 534 de
447 483 571 543 villa,
607 484 824 551 quamvis
856 484 990 535 aliter
1022 489 1147 534 esset
1177 500 1186 531 :
1217 498 1326 532 nam
1356 481 1600 548 Fiamingi.
1633 496 1765 531 com-

356 560 508 611 bustis
543 561 814 613 locamentis
852 563 976 621 suis,
1014 561 1212 628 profecti
1250 566 1359 610 sunt
1391 575 1560 610 venus
1595 557 1762 609 urbem

355 639 621 697 Taruenne,
656 638 946 689 dimittentes
977 644 1110 688 retro
1144 637 1384 703 copiosam
1419 634 1764 686 multimdinem

356 710 663 774 armatorum,
691 732 937 781 quousque
966 731 1135 765 currus
1158 721 1206 764 et
1228 719 1385 764 cetera
1410 729 1505 779 que
1531 710 1767 763 habebnt

355 790 653 858 elongassent
676 794 898 842 Sanctum
924 790 1265 841 Audomarum.

420 868 629 933 Denique
652 868 896 917 venientes
919 867 980 917 ad
1004 867 1177 917 dictam
1209 866 1447 916 civitatem
1478 871 1590 916 tunc
1619 863 1769 915 nmis

357 960 451 994 non
479 945 723 1004 munitam,
751 944 1037 1011 fugientibus
1061 943 1276 993 soidariis
1299 959 1421 1009 quos
1444 942 1621 993 ibidem
1643 941 1770 1008 epis-

357 1038 506 1087 copus
524 1028 764 1087 posuerat,
784 1028 831 1071 et
848 1021 1000 1087 ipsam
1019 1020 1272 1087 predantes
1286 1020 1768 1070 combusserunteam

357 1098 511 1164 igne¹.
539 1098 762 1164 Ultraque
786 1104 1087 1148 transeuntes
1111 1096 1326 1147 similiter
1349 1097 1559 1147 fecerunt
1582 1094 1770 1146 cuidm

359 1173 483 1233 ville,
511 1175 701 1224 nomine
732 1175 905 1234 Lilers;
939 1174 1142 1241 indeque
1173 1180 1322 1223 totam
1353 1173 1555 1239 patriun
1583 1171 1693 1240 igne
1722 1176 1772 1222 et

358 1250 473 1300 cede
491 1257 746 1310 vastantes,
766 1251 960 1301 Betunie
982 1256 1296 1317 perrexerunt
1319 1268 1330 1299 :
1354 1248 1419 1299 ibi
1439 1264 1645 1316 namque
1666 1254 1771 1299 crat

359 1343 419 1375 ex
449 1333 584 1392 parte
612 1328 740 1395 regis
763 1331 899 1395 Hugo
930 1328 991 1378 de
1021 1328 1266 1395 Sapignies
1296 1327 1432 1378 miles
1456 1333 1507 1377 et
1528 1326 1768 1385 donnum,

361 1403 444 1468 qui
484 1403 772 1455 habitatores
809 1405 943 1464 ville,
984 1411 1038 1455 ut
1072 1404 1296 1455 audacter
1334 1421 1387 1454 se
1426 1402 1767 1461 defleam,

360 1481 760 1546 quamplurimum
783 1481 1023 1539 animavit,
1044 1496 1333 1547 quamquam
1349 1497 1378 1530 a
1395 1479 1647 1547 F'lamingis
1668 1493 1773 1529 cro-

360 1555 461 1606 bris
483 1574 540 1607 ac
562 1558 766 1608 sortibus
788 1557 1041 1608 assantibus
1065 1557 1243 1624 agressi
1267 1563 1395 1608 sunt.

426 1634 518 1685 Sed
549 1635 771 1700 quoniam
807 1634 1053 1685 audierant
1089 1634 1315 1701 Flamingi
1350 1633 1479 1700 quod
1509 1633 1769 1700 Philippus,

362 1718 649 1764 Francorum
678 1728 783 1771 rex,
810 1728 920 1762 cum
953 1711 1162 1761 maximo
1195 1712 1407 1761 exercitu
1432 1711 1479 1760 in
1503 1710 1774 1761 Arthesium

362 1788 670 1839 descenderat
706 1788 766 1838 ad
805 1787 1134 1838 debellandum
1173 1804 1282 1847 eos,
1324 1787 1446 1837 illico
1484 1786 1776 1837 dimittentes

360 1866 614 1924 assultum,
656 1871 953 1914 recesserunt
994 1865 1055 1915 de
1096 1865 1321 1914 Bethunia
1336 1903 1349 1924 ‚
1393 1870 1646 1931 pergentes
1687 1879 1778 1931 pcc

362 1942 603 1994 Gohellam
616 1981 629 2001 ‚
665 1941 746 1991 ubi
779 1948 996 1992 arserunt
1030 1942 1129 1992 fere
1161 1950 1281 1992 xxx·
1316 1941 1448 1991 villas
1485 1945 1776 2008 campoetres

362 2037 512 2086 usque
540 2019 600 2069 ad
630 2019 852 2069 Lencium
881 2019 927 2068 in
958 2019 1192 2078 Arthesio,
1224 2018 1305 2069 ubi
1338 2032 1508 2084 parum
1541 2023 1651 2068 autc
1677 2015 1776 2069 ὤο

413 2146 444 2182 1.
465 2144 600 2181 Juillet
633 2144 737 2182 1304.
771 2165 818 2173 —
848 2145 923 2183 Les
953 2147 1156 2183 Anciennes
1192 2146 1413 2192 chroniquos
1448 2145 1491 2181 de
1528 2145 1690 2182 mnan
1723 2153 1775 2182 ne

366 2208 570 2241 racontent
583 2202 624 2240 ni
640 2213 715 2252 que
728 2203 990 2242 Therouanne
1010 2204 1145 2242 n'etait
1163 2214 1232 2253 pas
1251 2203 1430 2252 tortines,
1445 2204 1487 2240 ni
1506 2213 1583 2252 que
1602 2202 1776 2252 uvaque

365 2274 390 2310 y
416 2264 481 2299 eut
507 2262 622 2300 luisse
649 2263 836 2312 quelques
861 2269 1020 2312 troupes
1049 2266 1197 2311 (Hister.
1225 2265 1268 2301 ds
1293 2265 1369 2307 Fr„
1399 2268 1426 2300 t.
1455 2262 1594 2310 XXII,
1613 2274 1652 2312 p.
1672 2261 1772 2306 3⁹3).

365 2320 584 2369 D’ailleurs,
606 2323 718 2370 apres
746 2333 825 2359 une
852 2322 1029 2361 mention
1054 2322 1100 2360 de
1127 2322 1332 2360 l’incendie
1358 2322 1405 2359 de
1427 2322 1567 2359 Lillers
1594 2320 1775 2369 (Pas-de-

366 2378 508 2426 Calais,
528 2376 605 2417 arr.
622 2380 668 2419 de
687 2381 898 2430 Bethune)‚
911 2382 948 2420 le
965 2383 1095 2420 meme
1113 2386 1220 2420 texte
1238 2392 1352 2430 passe
1372 2380 1707 2419 immediatement
1724 2390 1775 2418 cu

366 2438 470 2487 siege
490 2438 537 2475 de
555 2439 741 2478 Tournai.
755 2461 804 2468 —
821 2441 878 2478 La
898 2442 1108 2489 oliv-unique
1125 2443 1332 2479 normands
1352 2442 1402 2490 (p.
1418 2441 1494 2490 2⁴),
1509 2441 1547 2478 la
1567 2441 1777 2488 alumnique

366 2497 417 2534 du
448 2498 723 2538 continuateur
749 2500 796 2538 de
827 2499 1048 2538 Guilluume
1078 2500 1127 2539 de
1154 2501 1304 2550 Nangis
1336 2502 1381 2548 (t.
1410 2499 1445 2548 1,
1473 2511 1511 2549 p.
1541 2499 1622 2548 337)
1649 2504 1691 2537 et
1717 2498 1776 2536 les

369 2557 530 2594 Grandes
561 2559 787 2605 ohmniqm
806 2562 847 2608 (t.
869 2559 920 2608 V,
941 2571 980 2608 p.
1002 2560 1082 2608 153)
1109 2560 1387 2598 mentionnent
1412 2559 1451 2597 la
1477 2558 1582 2608 prise
1604 2558 1654 2597 de
1669 2556 1776 2596 'nue-

367 2625 543 2653 rouanne
567 2628 637 2665 par
656 2618 712 2655 las
731 2618 943 2657 Flamands
966 2629 1018 2657 au
1041 2619 1142 2658 mois
1160 2619 1208 2657 de
1223 2619 1373 2668 juillet;
1401 2619 1548 2668 regliss
1565 2617 1614 2656 dc
1631 2617 1778 2656 Notrea

368 2672 492 2710 Dame
512 2685 562 2712 ne
581 2675 638 2713 fut
663 2677 792 2716 meme
817 2679 1107 2728 pasvomrgnee
1132 2689 1202 2727 par
1221 2679 1277 2716 les
1305 2679 1496 2716 flammea.
1517 2697 1564 2705 —
1581 2676 1640 2715 Cf.
1661 2675 1774 2714 Guil-

369 2732 497 2770 laume
517 2734 669 2783 Guiart‚
693 2738 825 2774 Hister.
845 2740 887 2775 de
906 2740 981 2783 Fr„
1003 2743 1032 2775 t.
1054 2737 1190 2786 XXII,
1212 2750 1249 2787 p.
1270 2738 1356 2786 251,
1376 2748 1465 2776 vers
1484 2737 1613 2775 16318.
