1838 3164
165 292 269 340 1326]
440 297 812 331 onnonocnpma
838 297 992 331 moun
1015 297 1294 332 muconuu.
1498 294 1562 332 281

161 381 266 425 orta
287 382 360 426 eet
384 377 431 426 in
455 377 574 426 mari
598 377 740 426 nimia
763 382 1036 440 tempestae,
1058 394 1151 442 que
1174 377 1384 442 impulsit
1403 394 1487 427 eos
1506 377 1565 427 ad

161 454 414 518 quemdam
453 460 645 520 portum
677 452 841 520 Anglie
872 453 1063 503 nomine
1094 454 1315 504 Morvelle
1350 455 1485 520 quasi
1519 455 1566 505 in

160 529 465 580 hora'nona¹.

222 610 282 656 Et
303 612 418 657 tunc
441 624 590 674 usque
607 607 669 658 ad
686 606 891 656 mediam
915 612 1120 666 noctem,
1147 608 1414 659 exoneratis
1436 608 1567 659 navi-

157 685 246 733 bus
260 722 272 742 ,
312 684 658 735 descenderunt
690 683 740 732 in
783 690 961 733 terram
996 690 1044 733 et
1078 685 1363 734 remiserunt
1397 702 1476 735 eae
1500 686 1566 735 ,in

158 761 359 827 patriam
377 777 529 820 auam,
550 767 749 826 propter
769 766 949 811 metum
967 761 1288 827 Anglicorum‚
1310 762 1566 812 retinentes

157 838 327 888 fractas
344 837 406 887 ad
422 836 802 897 calefaciendum,
822 837 1045 903 quonian
1062 854 1152 904 pro
1173 844 1284 888 tunc
1306 838 1565 888 maximum

156 915 304 980 frigus
323 913 574 980 urgebat&
597 921 644 964 et
663 921 819 964 tamen
839 915 951 965 nulli
974 920 1194 981 poterant
1209 915 1378 966 alicubi
1398 915 1559 973 locari,

155 989 242 1039 nisi
263 989 312 1039 in
330 990 527 1056 campie,
549 996 748 1056 excepto
766 991 896 1056 quod
918 990 1130 1042 fecerunt
1155 1008 1302 1042 unum
1326 991 1565 1042 habitacu-

152 1066 250 1117 lum
266 1067 427 1132 regine
446 1073 494 1116 et
515 1068 611 1117 filio
631 1085 735 1119 suo.
756 1070 966 1134 Cumque
990 1069 1116 1119 illam
1134 1075 1321 1119 noctem
1346 1074 1564 1134 pertran-

154 1143 324 1194 sissent.
356 1160 466 1195 cum
497 1161 669 1211 magna
699 1146 929 1212 augustia,
964 1147 1163 1212 profecti
1194 1152 1307 1196 sunt.
1333 1146 1393 1196 ad
1424 1162 1565 1196 unam

154 1236 350 1285 parvam
373 1220 548 1279 villam,
578 1237 721 1286 quam
742 1220 1029 1271 habitatores
1052 1221 1327 1273 dimiserant
1348 1237 1561 1279 vacuam,

151 1304 353 1364 propter
381 1304 561 1349 metum
590 1316 774 1358 eorum,
801 1299 883 1349 ubi
906 1301 1170 1351 necessaria
1193 1317 1283 1367 pro
1307 1299 1443 1366 equis
1467 1300 1564 1350 suia

152 1374 364 1442 largiflue
387 1383 719 1442 reppererunt.
1511 1410 1533 1437 «ι

215 1456 267 1502 In
292 1452 549 1503 crastinum
575 1453 698 1503 ultra
722 1454 1089 1519 proficiscentes,
1116 1453 1397 1504 invenerunt
1421 1470 1562 1504 unam

150 1528 308 1579 villam
338 1535 654 1596 campestrem
682 1530 804 1581 bene
833 1530 1075 1595 provisam
1104 1530 1401 1590 vicwalibue,
1430 1531 1562 1597 cujus

151 1605 366 1656 similiter
394 1606 706 1658 inhabitantes
735 1607 956 1673 sugerunt
986 1625 996 1656 :
1025 1623 1230 1673 cumque
1252 1607 1316 1656 illi
1339 1607 1401 1657 de
1427 1624 1563 1656 exer-

149 1682 244 1733 citu
275 1690 521 1734 currerent
546 1683 653 1734 hinc
675 1683 784 1734 inde
809 1700 897 1749 per
921 1684 1122 1749 patriam
1146 1691 1194 1733 et
1223 1684 1446 1734 afferrent
1469 1683 1558 1734 sibi

150 1760 411 1810 necessaria
424 1776 591 1810 versus
606 1766 777 1819 castra,
791 1760 863 1810 -illi
875 1760 936 1811 de
949 1760 1101 1825 patria
1111 1767 1343 1811 venerunt
1360 1760 1421 1810 ad
1438 1761 1561 1827 regi-

148 1852 258 1886 nam
277 1842 325 1886 et
349 1837 591 1902 conquesti
617 1844 728 1886 sunt
745 1837 806 1887 de
825 1837 1057 1887 ablatione
1082 1837 1315 1887 bonorum
1338 1853 1556 1895 suorum;

148 1912 320 1978 quibus
344 1913 505 1980 regina
523 1913 663 1980 jussit
682 1914 871 1974 polvere
895 1914 1054 1963 omnia
1077 1931 1169 1980 que
1191 1914 1343 1963 ablata
1368 1915 1436 1967 eis
1462 1915 1560 1964 sue-

148 1996 271 2040 rant.
290 1992 437 2040 Porro
450 1990 513 2039 illi
525 1990 585 2039 de
598 1990 766 2055 patria,
780 1991 994 2041 videntes
1010 1991 1139 2055 quod
1158 1991 1318 2058 regina
1334 1991 1454 2057 bene
1467 1992 1559 2041 sol-

148 2072 298 2126 veret,
311 2067 610 2118 adduxerunt
622 2084 840 2134 magnam
849 2068 1219 2118 habundanciam
1235 2069 1505 2119 victualium
1517 2071 1552 2118 ³.

147 2188 654 2238 Boz(6dit.1²01ain‚t.1,p.
679 2189 751 2236 15).
773 2188 872 2227 Mais
891 2189 918 2226 il
939 2194 999 2227 eat.
1019 2190 1098 2227 tres
1110 2189 1281 2228 domeux
1294 2200 1370 2238 que
1391 2189 1447 2227 les
1467 2201 1557 2239 par-

147 2246 271 2285 tinans
289 2246 336 2285 de
357 2247 395 2284 la
414 2246 523 2285 reine
543 2258 570 2284 ιι
572 2246 690 2285 'aient
710 2247 771 2285 ete
790 2259 842 2297 qu
847 2248 906 2285 'au
926 2247 1088 2286 nombre
1106 2246 1154 2286 de
1174 2247 1244 2285 300
1257 2247 1478 2296 (Fr-oium,
1493 2248 1553 2286 ed.

147 2305 316 2353 Luee‚t.
338 2305 429 2355 1,1).
451 2306 523 2351 32).

194 2365 229 2403 1.
250 2365 312 2404 La
327 2365 434 2403 reine
454 2365 651 2416 debarqua
670 2366 706 2404 le
726 2366 770 2404 2⁴
793 2366 1011 2415 septembre
1033 2365 1125 2404 1326
1143 2377 1232 2414 pres
1251 2365 1275 2403 d
1279 2365 1434 2413 'Oi-wel,
1456 2341 1555 2405 dans

147 2423 183 2462 le
202 2425 329 2462 comte
348 2423 395 2463 de
415 2423 579 2463 Sutrolk.
602 2424 679 2464 Ces
696 2425 834 2463 details
855 2426 888 2463 si
907 2426 1035 2474 precia
1060 2435 1110 2463 ne
1130 2435 1172 2464 aa
1191 2430 1374 2463 trouvent
1394 2426 1435 2465 ni
1454 2425 1552 2465 dans

147 2482 184 2520 la
214 2482 428 2532 chronique
455 2483 522 2521 de
534 2483 642 2521 Jean
655 2483 704 2521 :210
732 2484 803 2522 Bel
829 2484 870 2522 ni
901 2484 1001 2522 dana
1032 2484 1130 2522 celle
1161 2483 1209 2523 de
1239 2484 1448 2522 Froissart.
1480 2483 1553 2522 Ges

146 2539 303 2580 auteurs
323 2547 412 2581 sont
431 2542 649 2591 cependant
667 2542 845 2582 d’aeoord
870 2555 968 2593 pour
993 2543 1241 2583 reconnaitre
1261 2554 1335 2593 que
1361 2544 1397 2582 le
1415 2543 1552 2582 debar-

146 2606 331 2651 quement
350 2601 408 2640 rut
427 2602 580 2640 retardo
597 2613 668 2651 par
686 2613 764 2640 una
784 2604 965 2652 tempato.

191 2660 228 2698 2.
249 2659 312 2698 On
330 2671 382 2698 ne
401 2660 611 2710 s'expiique
630 2662 748 2711 guare
769 2673 812 2700 ee
835 2662 932 2700 froid
952 2661 975 2699 a
995 2662 1034 2699 la
1052 2661 1107 2700 fin
1125 2661 1174 2699 de
1193 2661 1423 2711 septembre.

194 2717 229 2756 3.
251 2717 283 2755 n
301 2722 361 2756 est
380 2723 493 2756 exact
512 2729 587 2768 que
607 2719 646 2757 la
663 2719 771 2759 reine
791 2720 846 2759 ait
865 2721 926 2758 ete
951 2720 1041 2758 bien
1067 2720 1282 2759 accueillie.
1303 2719 1443 2767 (Lethe
1464 2719 1549 2758 Ste-

145 2776 264 2827 phen‚
284 2777 501 2824 Dietionary
520 2779 565 2823 os
577 2780 748 2816 natione!
769 2780 986 2825 bioqraphy,
1010 2778 1085 2815 vol.
1110 2777 1242 2827 XVII,
1262 2788 1300 2827 p.
1321 2777 1394 2825 4⁶.)
