1838 3164
296 300 365 338 ‘266
570 301 941 337 cunouooupnu
968 301 1120 335 noun
1146 301 1425 337 ΡΙΑΝΟΟΙυΙ.
1593 302 1699 348 {¹328

296 382 430 448 hujus
467 380 667 430 nominis
703 379 949 446 quintus¹;
992 379 1218 445 factisque
1252 395 1336 429 sex
1368 380 1695 441 orditi-tibus,

292 457 530 508 coronavit
566 457 802 522 prefatum
836 456 1123 508 Ludovioum
1156 455 1218 506 de
1250 457 1445 507 Bavaria
1475 457 1521 508 in
1553 459 1701 526 impe-

292 542 498 586 ratorem
514 549 779 594 romanum,
799 533 847 584 in
865 534 1060 585 eeclesia
1077 533 1232 584 Sancti
1247 533 1473 586 lobannis
1489 534 1552 586 de
1570 539 1701 587 Lete-

293 613 451 663 rano².
471 612 555 663 Hie
572 611 792 678 antipapa
809 611 1057 662 Nicholaus
1075 627 1168 661 non
1188 610 1330 661 stedit
1346 611 1429 661 diu
1447 612 1493 662 in
1513 629 1701 663 stimmo

291 690 593 756 Apostolatus
615 689 770 755 apiee;
798 688 908 755 quia
925 688 1006 754 qui
1030 689 1274 755 elegerunt
1289 703 1398 737 eum
1417 695 1526 755 post
1548 689 1701 740 modi-
1739 717 1742 723 ·

290 782 397 816 cum
416 765 737 831 deposuerunt
754 781 863 815 eum
881 780 936 814 ac
954 764 1182 814 miserunt
1199 780 1308 813 eum
1333 766 1527 814 Summo
1546 766 1701 816 Ponti-

290 843 365 893 fici
391 842 509 892 citra
533 847 718 891 montes
743 841 788 891 in
813 840 1136 891 Avinionem⁸.

353 923 527 974 Deinde
557 926 681 988 Papa
705 922 905 988 injunxit
927 921 1054 987 quod
1080 922 1233 972 nulius
1261 929 1453 972 voearet
1480 922 1701 974 eumdem

289 1000 576 1050 Ludovieum
601 999 953 1065 imperatorem,
987 998 1075 1049 sub
1105 1015 1223 1064 pena
1258 1002 1701 1052 excommunicatio-

291 1077 377 1126 nis.
412 1079 574 1126 Postea
608 1075 722 1125 exiit
758 1076 859 1141 ipse
893 1075 1158 1125 Ludovieus
1192 1075 1252 1126 de
1286 1078 1478 1136 Roma⁴,
1519 1078 1701 1165 fingens

289 1170 339 1203 se
378 1153 508 1202 abire
542 1151 791 1202 obsessum
831 1151 1142 1210 florenciam,
1182 1169 1238 1202 ac
1274 1152 1453 1203 directe
1489 1154 1615 1205 venit
1655 1154 1700 1204 in

287 1229 487 1294 patriam
504 1245 636 1279 suam
653 1229 713 1278 ad
729 1245 870 1279 unam
882 1228 1037 1278 villam
1053 1228 1155 1279 sibi
1159 1229 1495 1295 pertinentem,
1510 1230 1702 1282 nomine

289 1306 619 1364 Noirenberc⁶,
646 1306 725 1355 ubi
752 1312 963 1355 moratus
984 1313 1074 1356 est.

351 1392 416 1438 De
441 1389 532 1439 isto
558 1388 702 1455 quipe
727 1389 832 1454 (aio)
861 1388 1128 1439 Bavariensi
1158 1389 1396 1440 Ludovieo
1419 1389 1534 1440 dicit
1558 1390 1703 1441 frater

288 1468 521 1517 Johannes
545 1466 605 1516 de
630 1465 954 1532 Rupescissa⁸‚
987 1466 1033 1515 in
1061 1466 1226 1516 ultimo
1248 1467 1453 1533 oepitulo
1477 1484 1562 1518 sue
1588 1484 1701 1535 pro-

291 1544 468 1609 phetie,
508 1543 636 1609 quod
681 1542 939 1592 secundum
977 1542 1102 1592 illam
1146 1543 1533 1609 significationem
1569 1545 1701 1596 Anti-

290 1620 467 1678 christi‚
496 1636 639 1685 quam
663 1619 880 1685 superius
904 1619 1115 1685 reperies
1135 1620 1360 1686 scriptam
1378 1620 1440 1671 de
1463 1620 1702 1672 Ludovieo

290 1696 460 1755 Siculo,
483 1697 578 1746 filio
603 1696 726 1746 Petri
751 1695 812 1746 de
836 1697 1112 1763 magonia,
1134 1697 1234 1762 qui,
1256 1697 1426 1763 inquit,
1450 1703 1524 1748 eet
1547 1697 1702 1749 Ludo-

288 1773 421 1822 vious
443 1773 504 1823 de
532 1772 751 1822 Bavsria⁷
778 1771 960 1838 pseu'do
983 1772 1243 1838 imperator
1265 1789 1375 1823 eum
1403 1790 1492 1824 suo
1518 1774 1701 1840 pauido

290 1866 433 1915 papa,
471 1865 613 1915 quem
655 1849 919 1908 constituit,
959 1853 1166 1899 Bavarus
1198 1850 1257 1899 ad
1294 1850 1498 1900 litteram
1533 1858 1700 1917 typum

289 1926 410 1992 gerit
437 1926 586 1976 bestie
612 1925 908 1975 ascendentis
935 1926 995 1976 de
1019 1933 1164 1986 terra,
1190 1927 1365 1977 seilicet
1382 1928 1565 1993 pseudo
1588 1945 1701 1995 pro-

290 2004 429 2068 phete
457 2003 619 2060 futuri,
650 2003 732 2068 qui
760 2002 975 2052 minister
1002 2004 1172 2053 Satane
1205 2002 1266 2053 ad
1295 2003 1560 2054 faciendum
1587 2003 1701 2055 raba

339 2180 371 2215 1.
395 2179 448 2216 Le
469 2156 522 2216 ἦ
537 2178 616 2216 mai
637 2178 744 2227 1328,
770 2178 903 2216 Pierre
929 2177 1113 2218 Coi-bario
1138 2179 1197 2218 fut
1222 2180 1287 2218 elu
1314 2191 1411 2229 pape
1437 2191 1507 2230 par
1524 2179 1636 2220 ordre
1651 2180 1698 2219 de

290 2237 408 2276 Louis
427 2237 474 2275 de
492 2237 676 2285 Daiei-e,
696 2248 788 2276 sous
809 2237 845 2275 le
864 2248 956 2276 nom
975 2237 1023 2276 de
1043 2237 1204 2276 Nicolas
1223 2238 1273 2275 V.

337 2297 373 2334 2.
394 2296 513 2335 Louis
541 2296 588 2333 de
613 2296 779 2334 Baviere
805 2307 1007 2335 eouronna
1033 2296 1240 2335 lui-meme
1267 2297 1475 2347 l'antipape
1499 2297 1536 2335 le
1554 2296 1698 2336 nimi

294 2354 397 2401 1328,
418 2360 458 2392 et
477 2365 518 2391 se
538 2354 580 2392 fit
599 2365 820 2392 couronner
837 2366 908 2403 par
926 2354 981 2392 lui
1001 2354 1037 2392 le
1058 2355 1187 2392 meme
1202 2355 1304 2404 j0ur.

339 2413 373 2451 3.
395 2413 553 2452 Nicolas
573 2413 624 2460 V,
645 2414 681 2451 le
699 2413 747 2452 25
765 2415 858 2452 aont
881 2419 920 2452 et
938 2414 975 2452 le
993 2414 1016 2452 6
1036 2413 1254 2462 septembre
1275 2414 1382 2463 1330,
1402 2415 1445 2453 fit
1467 2426 1512 2453 sa
1530 2414 1698 2454 soumis-

293 2472 379 2510 sion
399 2473 423 2510 a
441 2473 627 2522 Avignon
646 2478 759 2511 entre
778 2473 835 2511 les
855 2473 984 2511 maius
1001 2472 1051 2511 de
1068 2473 1171 2511 Jean
1191 2473 1328 2512 XXII.

339 2534 374 2570 4.
396 2532 451 2570 Le
468 2533 488 2569 4
510 2534 616 2580 aofit,
635 2532 753 2570 Louis
771 2532 819 2570 de
837 2532 1019 2580 Baviere,
1046 2543 1096 2570 ne
1115 2543 1158 2570 se
1185 2538 1344 2571 sentant
1367 2534 1454 2582 plus
1478 2544 1530 2571 en
1551 2534 1695 2580 terete,

293 2591 417 2640 quitta
445 2591 583 2639 Rome,
604 2591 660 2629 les
679 2591 840 2630 Guelfes
860 2596 982 2640 ayant
1002 2591 1124 2640 repris
1142 2592 1179 2629 le
1198 2592 1350 2630 dessus.

341 2650 375 2686 5.
395 2648 653 2697 Nuremberg.

341 2707 373 2743 6.
397 2706 452 2744 Cf.
474 2707 561 2755 plus
580 2707 690 2754 haut,
710 2718 746 2755 p.
765 2707 827 2755 31,
848 2712 940 2746 note
957 2707 996 2746 2.

341 2767 374 2801 7.
398 2765 452 2802 Cf.
476 2766 576 2803 Bibl.
600 2771 698 2812 nat„
720 2766 786 2804 lat.
810 2766 918 2814 3598,
940 2766 1003 2806 fol.
1026 2767 1048 2805 2
1070 2775 1111 2805 νῦ
1130 2767 1153 2804 ὲ
1174 2767 1194 2804 3
1215 2775 1268 2805 v0.
