1838 3164
366 332 409 368 :36
646 330 1017 365 cunofloouruu
1044 330 1197 364 amun
1222 329 1503 364 truncorum.
1555 325 1767 376 [12894291

364 411 608 464 Christiani
629 427 743 460 vero
761 411 998 460 civitatem
1022 409 1358 468 custodientes,
1384 409 1532 459 libere
1555 415 1774 476 poterant

361 490 489 538 exire
529 488 589 537 de
629 488 816 538 civitate
849 504 936 553 per
976 494 1166 553 portum
1202 487 1381 553 absque
1408 489 1774 537 Sarracenorum

359 565 715 631 impedimentO,
729 565 954 630 quoniam
965 581 1095 614 mare
1111 564 1365 615 fluctuabat
1382 580 1531 629 usque
1541 563 1600 613 ad
1612 579 1776 614 muros

360 642 509 692 urbis.
538 644 648 692 Erat
674 647 831 691 autem
855 641 1019 691 civitas
1045 641 1180 691 fortis
1209 640 1364 699 valde,
1402 640 1550 689 muris
1576 639 1777 707 duplici-

360 718 449 769 bus
469 718 773 784 turribusque
796 718 1088 768 densissimis
1107 718 1419 784 undequaque
1444 718 1647 767 flrrnata.
1667 718 1778 767 Sm-

359 796 515 846 raceni
528 812 717 861 quoque
731 794 1097 845 multiformibus
1110 800 1158 844 et
1173 794 1375 844 diversis
1393 794 1650 844 assultibus
1661 793 1777 844 civi·

358 878 504 923 tatem
523 872 700 938 pluries
716 872 1114 938 impugnaverunt
1134 889 1144 920 ε
1162 871 1226 921 ibi
1244 888 1447 938 namque
1462 871 1629 921 milicie
1645 870 1780 921 valor

359 955 406 998 et
431 948 720 999 strenuitatis
749 953 899 1007 actus,
934 947 1180 997 cotidianis
1210 948 1453 997 exerciciis
1483 953 1591 998 ante
1618 953 1781 1014 portas

359 1026 618 1075 luculenter
630 1024 938 1090 apparebant.
955 1026 1210 1090 Postquam
1226 1030 1385 1075 autem
1404 1023 1649 1075 Sarraceni
1660 1023 1780 1074 duo-

360 1103 449 1152 bus
471 1102 605 1152 annis
630 1101 830 1151 civitatis
852 1101 1150 1151 obsidionem
1174 1101 1583 1161 continuaverunt,
1612 1100 1778 1151 viden-

360 1185 431 1229 tes
451 1196 501 1229 se
520 1179 567 1228 in
586 1195 761 1228 vanum
780 1178 995 1228 laborare
1020 1184 1219 1244 propter
1238 1178 1564 1229 fortitudinem
1580 1178 1713 1230 urbi·
1729 1182 1779 1228 et

359 1256 532 1306 civium
555 1256 890 1314 resistentiam,
919 1255 979 1305 de
1000 1272 1116 1321 pace
1141 1260 1480 1306 tractaverunt.

424 1332 643 1382 Nondum
667 1349 782 1381 vero
801 1349 918 1398 pace
941 1332 1179 1391 conclusa,
1203 1339 1419 1382 mortuus
1437 1338 1512 1382 est
1534 1331 1776 1383 soldanus.

360 1410 499 1477 Cujus
523 1410 647 1460 filius
669 1409 713 1458 ei
738 1408 1012 1467 succedens,
1036 1409 1196 1458 habito
1214 1409 1410 1459 consilio
1434 1408 1550 1475 quid
1574 1408 1782 1460 factm-us

360 1492 501 1545 esset,
524 1486 702 1553 juravit
726 1502 778 1535 se
797 1502 891 1535 non
917 1501 1216 1535 recessurum
1244 1485 1397 1536 donec
1426 1485 1664 1536 civitatem
1690 1484 1780 1536 sibi

361 1562 674 1612 submitteret.
719 1565 814 1611 Hec
859 1562 1017 1627 itaque
1058 1562 1303 1611 audientes
1348 1562 1598 1612 Christiani
1640 1562 1781 1614 nimis

361 1645 733 1705 expavescerunt
751 1640 975 1704 quoniam
995 1638 1146 1689 victus
1170 1655 1337 1689 eorum
1355 1640 1455 1706 jam
1478 1639 1776 1700 deficiebant,

361 1717 424 1766 ita
440 1723 492 1766 ut
510 1716 752 1775 Sarraceni
768 1716 858 1765 hoc
874 1715 1172 1781 perciperent
1188 1722 1238 1765 et
1255 1716 1365 1766 inde
1377 1717 1776 1768 confortarentur.

360 1797 542 1842 Interea
561 1793 803 1843 Sarraceni
828 1793 934 1842 telis
959 1798 1006 1842 et
1029 1793 1265 1858 lapidibus
1289 1794 1529 1843 civitatem
1547 1794 1781 1882 impeten-

361 1876 448 1929 tes,
479 1887 642 1920 muros
666 1869 879 1936 ejusdem
910 1869 1159 1919 subcavari
1184 1869 1416 1930 fecerunt,
1446 1871 1511 1919 ita
1533 1876 1587 1920 ut
1615 1871 1781 1937 porcio

359 1963 607 1996 murorum
630 1947 822 1996 caderet
840 1951 888 1996 et
905 1946 1086 1996 eisdem
1111 1948 1380 1997 Sarracenis
1405 1948 1650 1998 introitum
1668 1965 1781 2014 pre-

359 2025 512 2074 beret.
544 2027 754 2090 Cumque
786 2023 1030 2073 Sarraceni
1061 2040 1149 2089 per
1173 2023 1385 2074 foramen
1414 2041 1663 2076 murorum
1681 2026 1781 2093 jam

360 2101 614 2149 intrassent
655 2106 706 2149 et
742 2098 1027 2150 Christianos
1069 2099 1119 2148 in
1163 2099 1351 2150 civitate
1392 2101 1493 2167 jam
1534 2107 1776 2160 necarent,

359 2177 662 2226 marescallus
686 2177 865 2242 Templi
892 2193 1001 2226 cum
1022 2177 1121 2226 suis
1145 2178 1421 2243 Templariis
1446 2178 1532 2227 ivit
1556 2179 1605 2228 in
1623 2179 1783 2229 vicum

358 2254 441 2304 ubi
465 2254 709 2304 Sarraceni
728 2254 1002 2320 pugnabant
1026 2254 1257 2304 adversus
1276 2255 1564 2306 Christianos
1588 2263 1637 2307 et
1661 2273 1783 2324 pug-

360 2338 591 2380 naverunt
625 2331 875 2396 Templarii
915 2337 1186 2382 constanter
1216 2331 1445 2382 adversus
1476 2335 1775 2383 Sarracenos.

359 2413 579 2473 Tuncque
601 2409 766 2458 civitas
783 2415 1021 2458 commota
1044 2415 1116 2458 est
1141 2415 1188 2458 et
1212 2416 1512 2459 accesserunt
1529 2409 1700 2477 singuli
1717 2409 1778 2460 de

360 2486 546 2534 civitate
570 2486 816 2535 attrociter
834 2487 1118 2535 Sarracenos
1140 2485 1489 2552 impugnantes,
1517 2487 1582 2537 ita
1601 2493 1654 2537 ut
1671 2489 1780 2537 Sar-

360 2561 517 2610 raceni
540 2562 911 2611 retrocederent.
939 2565 997 2611 Et
1021 2562 1149 2611 salva
1174 2569 1247 2612 est
1277 2563 1353 2612 illa
1384 2563 1461 2612 die
1492 2564 1659 2613 civitas
1690 2581 1779 2630 per

361 2639 648 2703 Templarios
663 2657 673 2687 :
689 2639 791 2697 sed,
804 2640 927 2704 proh
942 2638 1104 2688 dolor!
1124 2639 1191 2688 ibi
1202 2640 1423 2689 occubuit
1433 2641 1587 2690 dictus
1601 2657 1780 2690 mares—

361 2717 506 2766 callus
525 2734 633 2766 cum
653 2718 869 2783 pluribus
885 2717 947 2767 de
970 2717 1196 2767 militibus
1220 2719 1334 2778 suis,
1357 2719 1484 2769 unde
1507 2719 1779 2770 Christiani-

362 2793 470 2842 tatis
487 2794 625 2860 vigor
639 2795 839 2844 multum
857 2795 1084 2845 decrevit.
1106 2797 1421 2862 Expulsisque
1436 2796 1704 2847 sarracenis
1714 2796 1776 2846 de
