1838 3164
295 244 363 281 204
565 242 938 278 cnnouomut’uu
965 243 1118 277 amun
1143 243 1421 279 muconma.
1591 245 1697 290 {¹³¹3

292 346 312 371 ι
343 340 445 374 cem
477 339 628 373 suam.
656 324 875 373 Ceterum
905 322 1116 372 desectum
1145 323 1406 389 supplecio,
1433 324 1554 375 circa
1586 344 1698 393 pro-

292 422 311 446 «
343 416 503 450 cessus
537 399 743 449 adhibita
780 399 1099 465 supradictos,
1138 415 1232 449 non
1268 407 1449 451 tannim
1484 402 1607 454 valet
1637 404 1697 454 ad

290 497 310 522 ‹
335 476 715 543 justificationem
766 475 981 542 ipsorum
1029 482 1077 525 et
1127 477 1358 527 sententie
1409 479 1695 543 supradicte,

289 574 309 599 ‹
340 558 569 618 quantum
605 552 666 602 ad
701 569 867 603 eorum
901 553 1244 620 sugillationem
1277 560 1325 603 et
1362 561 1521 605 notam
1552 573 1563 604 :
1590 573 1700 607 cum

289 650 309 675 ι
340 630 514 698 nullam
537 646 682 696 super
706 630 950 696 premissis
974 635 1259 696 potestatem
1281 630 1478 682 baberet
1496 631 1700 699 imper·-

288 726 308 753 ‹
339 713 416 756 tor
447 707 495 756 in
530 722 716 773 regem,
755 707 844 757 sibi
876 707 1013 767 alias,
1048 724 1192 773 quam
1226 715 1278 758 ut
1312 709 1567 773 prefertur,
1602 726 1699 761 non

287 803 309 829 ι
340 783 599 842 subditum,
637 801 729 833 non
764 784 956 834 citatum
992 784 1218 850 legittime
1256 791 1338 834 aut
1370 786 1621 837 remissum
1652 795 1702 837 et.

287 879 308 906 ι
339 865 474 909 extra
504 860 768 910 districtum
800 860 949 926 ipsius
979 861 1199 911 continue
1227 878 1283 912 ac
1314 863 1498 913 notorie
1522 863 1701 915 consis-

288 956 310 982 ‹
339 941 532 986 tentem.
553 939 646 985 Nec
663 936 874 1001 predicta
893 936 1136 1002 supplecio
1153 937 1275 987 cirea
1296 938 1539 989 subditum
1557 939 1699 990 etiam

287 1031 307 1057 ι
337 1012 398 1062 ad
428 1029 481 1061 ea
512 1012 743 1077 potuisset
772 1012 832 1061 de
862 1012 1042 1062 ratione
1071 1013 1258 1072 referri,
1286 1031 1374 1080 per
1398 1032 1492 1081 que
1517 1015 1578 1066 de
1608 1016 1699 1067 cri-

286 1108 307 1134 «
340 1089 481 1147 mine,
512 1089 761 1154 presertim
785 1089 853 1138 sic
876 1089 1011 1155 gravi
1036 1089 1192 1139 delato
1215 1089 1520 1150 defensionis,
1548 1109 1641 1158 que
1670 1111 1698 1143 a

285 1183 305 1209 ‹
331 1164 438 1230 jure
463 1164 682 1229 provenit
704 1165 921 1224 naturali,
944 1164 1137 1215 facultas
1161 1164 1302 1215 adimi
1328 1166 1567 1227 valuisset,
1589 1184 1699 1219 cum

285 1260 305 1285 ‹
337 1240 412 1289 illa
443 1240 716 1306 imperatori
747 1241 913 1292 tollere
943 1258 1039 1291 non
1072 1241 1273 1300 licuerit,
1300 1259 1394 1308 que
1414 1243 1536 1310 juris
1563 1250 1699 1296 natu-

284 1336 306 1362 «
335 1317 444 1367 ralis
475 1317 701 1367 existunt.
734 1321 794 1368 Ut
825 1318 985 1385 igitur,
1020 1319 1142 1369 sicut
1171 1328 1432 1371 memorata
1465 1324 1697 1375 sententia

285 1413 305 1439 ‹
329 1394 449 1460 juris
485 1400 613 1444 caret
648 1395 839 1454 effectu,
882 1396 951 1445 sic
990 1397 1268 1447 auctoritate
1309 1404 1358 1448 et
1399 1400 1588 1451 nomine
1628 1402 1696 1452 rei

283 1490 305 1516 ‹
335 1477 491 1521 careat
521 1471 752 1538 judicate,
791 1479 843 1522 ut
881 1489 968 1523 nec
1006 1474 1052 1522 in
1090 1474 1311 1539 opinione
1345 1477 1582 1528 communi
1616 1486 1697 1529 aut

285 1567 305 1592 ‹
336 1548 463 1614 vulgi
499 1548 633 1598 labiis
668 1565 840 1599 nomen
878 1550 1054 1601 habere
1088 1553 1317 1602 sententie
1351 1559 1607 1614 mereatur,
1645 1562 1698 1607 ut

285 1643 306 1669 ‹
335 1625 476 1674 etiam
499 1626 545 1674 in
568 1641 793 1692 magnum
811 1626 997 1692 justicie
1020 1634 1070 1677 et
1096 1628 1226 1694 pacis
1253 1629 1533 1695 obsequium
1562 1648 1696 1683 scan-

283 1720 305 1747 ‹
334 1701 509 1752 dalosis
529 1709 804 1753 occurratur
826 1704 1063 1769 periculis,
1089 1722 1182 1770 que
1202 1722 1312 1755 cum
1330 1723 1424 1772 sua·
1433 1708 1518 1774 [et]
1540 1709 1696 1759 Eccle-

281 1798 303 1824 ‹
333 1779 417 1838 sie,
435 1784 482 1828 et
494 1780 845 1844 provinciarum
858 1782 1132 1842 multarum,
1151 1799 1408 1849 regnorum
1422 1791 1471 1835 et
1484 1787 1695 1852 gentium

281 1875 302 1901 ‹
331 1856 596 1906 turbatione
622 1874 716 1907 non
742 1858 929 1908 modica
954 1866 1151 1924 possent
1173 1861 1417 1911 occasione
1438 1862 1587 1928 ipsius
1606 1880 1695 1930 pro

280 1952 302 1978 ι
328 1938 544 1998 tempore
564 1934 767 1984 suboriri
793 1953 803 1983 :
825 1938 953 2000 Papa
973 1941 1072 1985 tam
1095 1953 1156 1986 ex
1180 1938 1529 2003 superioritate,
1550 1957 1694 2007 quam

281 2029 301 2055 ι
332 2009 392 2059 ad
430 2010 683 2076 imperium
723 2029 816 2061 non
858 2018 932 2062 est
973 2012 1171 2064 dubium
1209 2014 1407 2075 habere,
1447 2033 1591 2082 quam
1633 2035 1694 2068 ex

282 2105 302 2131 ‹
333 2091 582 2151 potestate,
606 2088 654 2136 in
677 2105 769 2153 qua
791 2095 986 2139 vacante
1011 2090 1212 2157 imperio
1234 2091 1508 2157 imperatori
1533 2110 1694 2146 succc-

237 2174 240 2182 “
284 2183 304 2207 ι
334 2162 403 2211 dit
432 2169 479 2212 et
509 2164 836 2215 nichilominus
868 2183 927 2215 ex
957 2166 1080 2216 illius
1109 2168 1399 2233 plenitudine
1426 2172 1688 2235 potestatis,

281 2259 301 2285 ‹
332 2257 475 2304 quam
499 2242 709 2292 Christus
734 2259 819 2292 rex
843 2259 1011 2309 regum
1034 2249 1084 2293 et
1108 2244 1329 2295 dominus
1350 2246 1691 2299 dominantium

281 2336 302 2362 ι
333 2316 423 2369 sibi
448 2318 495 2366 in
519 2335 722 2383 persona
745 2318 868 2369 beati
896 2321 1020 2369 Petri
1051 2323 1299 2382 concessit,
1327 2325 1608 2375 sententiam
1636 2343 1692 2376 ac

283 2412 304 2438 ‹
331 2410 583 2458 processus
606 2413 774 2446 omnes
797 2403 846 2446 et
868 2397 1097 2463 quidquid
1122 2415 1182 2448 ex
1204 2400 1272 2449 eis
1293 2407 1507 2452 secutum
1525 2408 1598 2452 est
1613 2403 1690 2452 vel

285 2489 305 2515 ‹
335 2471 577 2521 occasione
605 2473 838 2538 ipsorum,
870 2474 1070 2524 fratrum
1093 2492 1289 2526 suorum
1316 2479 1509 2528 consilio
1536 2479 1691 2530 decla-

284 2566 306 2591 «
333 2547 456 2596 ravit
487 2548 630 2598 fuisse
659 2567 715 2599 ac
743 2567 848 2600 esse
878 2551 1072 2603 omnino
1101 2553 1261 2603 irritos
1291 2562 1339 2604 et
1367 2555 1552 2615 inanes,
1586 2557 1691 2607 nul-

285 2642 305 2667 «
333 2623 523 2689 lumque
558 2626 734 2677 debere
769 2633 850 2677 aut
885 2628 1102 2679 debuisse
1146 2632 1303 2680 sortiri
1344 2633 1564 2682 effectum
1603 2650 1688 2684 seu

285 2718 306 2743 ‹
337 2707 685 2763 nocumentum,
708 2705 782 2754 vel
805 2711 966 2755 notam
989 2707 1206 2772 cuiquam
1230 2714 1312 2759 aut
1334 2710 1686 2775 quomodolibet
