1838 3164
119 290 237 337 ’13171
408 293 779 328 cmmNOGRAPfflA
806 294 959 329 amun
983 295 1262 329 rmuconuu.
1466 291 1536 330 235

130 375 179 422 ln
196 388 288 437 qua
307 372 658 422 consecratione
676 371 826 422 effecti
844 378 954 420 sunt
974 371 1145 421 milites
1164 372 1283 430 odo,
1305 372 1402 422 dux
1421 375 1539 422 Bur-

128 447 320 514 gundie,
342 454 390 498 et
407 448 568 514 plures
586 447 689 505 alii;
714 446 872 511 ibique
894 446 1153 511 injunctum
1171 453 1243 497 est
1260 448 1539 499 conestabu-

128 524 243 573 lario
275 525 476 590 prefato,
511 524 618 575 duci
647 522 914 588 Burgundie
943 530 992 571 et
1021 524 1179 573 comiti
1210 526 1536 575 Convenarum

127 601 240 650 alias
260 602 559 666 Comminqes,
581 599 711 666 quod
729 615 838 649 cum
858 615 1030 665 magno
1053 602 1261 651 exercitu
1286 609 1537 669 pergerent

126 677 186 726 ad
205 680 425 729 Sanctum
443 676 782 732 Audomerum.
805 674 885 725 ubi
909 682 1012 724 erat
1036 692 1194 726 comes
1218 678 1532 728 Ebroicensis.

191 754 276 813 Qui
297 753 489 819 quidem
503 768 665 803 comes
681 752 995 812 Ebroicensis,
1011 769 1121 802 cum
1140 754 1295 819 vigilia
1312 756 1539 820 Assump-

125 830 289 880 tionis¹
311 831 486 880 exisset
503 830 563 880 de
582 831 753 879 Sancto
777 829 1047 879 Audomaro
1064 846 1174 880 cum
1197 847 1285 880 suo
1308 832 1534 889 exercitu,

124 914 172 956 et
205 907 314 957 inde
343 907 680 957 combussisset
711 911 904 957 Bassam
934 908 1199 958 Flandriam
1229 925 1380 974 usque
1405 908 1537 975 juxta

123 983 346 1050 Berghes,
372 990 607 1033 venerunt
630 983 689 1032 ad
714 1000 823 1033 eum
845 984 1055 1050 prefatus
1073 985 1172 1035 dux
1195 984 1467 1052 Burgundie
1490 992 1537 1035 et

123 1060 557 1111 connestabularius
581 1077 689 1111 cum
709 1061 901 1111 aciebus
922 1061 1036 1120 suis,
1059 1062 1433 1127 inveneruntque
1451 1062 1539 1111 ini-

123 1137 271 1188 micos
308 1154 452 1204 supra
493 1154 640 1188 unum
672 1138 982 1189 fortissimum
1017 1155 1210 1204 passum
1242 1145 1290 1189 et
1323 1139 1538 1189 videntes

122 1215 252 1280 quod
270 1214 338 1264 eis
357 1231 528 1264 nocere
549 1231 644 1265 non
663 1215 891 1275 valerent,
913 1217 1092 1266 reversi
1112 1215 1298 1266 suntad
1316 1218 1538 1266 Sanctum

122 1291 460 1348 Andomarum‚
483 1291 750 1342 deferentes
772 1293 1008 1359 octoginta
1032 1299 1236 1359 quatuor
1254 1292 1423 1343 vexilla
1442 1292 1538 1343 dis-

124 1368 306 1435 plicata.
341 1371 452 1419 Erat
485 1369 717 1435 siquidem
751 1386 860 1419 cum
894 1370 963 1420 eis
990 1370 1179 1434 juvenis
1209 1371 1444 1420 Robertus
1476 1370 1536 1419 de

122 1445 358 1504 Arthesio‚
379 1445 502 1495 filius
518 1446 731 1504 Othonis,
747 1447 932 1496 comitis
947 1447 1218 1513 Burgundie
1233 1454 1281 1496 et
1300 1447 1536 1496 comitisse

121 1522 376 1572 Arthesii‘2.
414 1523 625 1572 Crastina
660 1539 775 1572 vero
806 1524 906 1583 die,
944 1531 1175 1573 venerunt
1203 1524 1264 1573 ad
1297 1541 1380 1573 eos
1410 1540 1534 1573 nova

119 1599 248 1665 quod
266 1599 519 1659 Robertu8‚
544 1606 858 1667 cognomento
883 1601 992 1651 Sine
1017 1605 1179 1659 Terra.
1203 1601 1326 1651 filius
1349 1601 1535 1651 comitis

120 1675 352 1734 mandrie,
373 1683 743 1743 congregaverat
762 1693 985 1743 magnum
1000 1678 1259 1728 exercitum
1275 1678 1402 1745 apud
1421 1682 1537 1729 Pau-

121 1753 392 1819 peringhas.

184 1831 439 1896 Postquam
475 1837 633 1880 autem
671 1830 740 1880 sic
776 1831 877 1881 sine
910 1832 1064 1898 aliqua
1101 1833 1400 1898 expeditione
1434 1832 1536 1882 dies

118 1907 246 1959 xv⁶¹¹²
281 1908 672 1974 complevissent,
714 1909 980 1959 Ludovicus
1011 1926 1172 1959 comes
1210 1910 1528 1964 Nivernensis,

118 1985 241 2035 filius
275 1985 618 2052 primogenitus
648 1986 834 2036 comitis
866 1987 1099 2046 Flandrie,
1135 1988 1216 2052 qui
1250 1994 1442 2037 venerat
1474 1987 1533 2036 ad

118 2062 338 2113 comitem
374 2063 567 2120 Valesfi,
604 2063 663 2112 ad
700 2065 1051 2129 procurandum
1085 2064 1215 2130 quod
1247 2064 1529 2121 Ludovicus,

118 2139 240 2190 filius
274 2157 403 2199 suus,
437 2139 747 2206 desponsaret
778 2141 922 2190 filiam
955 2141 1067 2191 dicti
1102 2141 1288 2191 comitis
1314 2140 1528 2198 Valesii⁸,

117 2215 207 2265 hoc
239 2216 396 2267 medio
427 2222 610 2267 tantum
638 2217 746 2267 fecit
777 2217 904 2283 quod
936 2217 1120 2268 inducie
1152 2218 1395 2283 prolocute
1423 2224 1530 2266 sunt

116 2298 163 2341 et
193 2294 466 2343 confirmate
494 2294 555 2343 ab
586 2300 786 2359 utraque
817 2300 950 2359 parte
981 2312 1130 2360 usque
1162 2295 1222 2343 ad
1249 2295 1529 2344 Penthecos-

166 2423 199 2460 1.
224 2424 266 2461 14
288 2425 379 2462 aout
401 2424 504 2462 1317.

163 2481 200 2519 2.
222 2481 274 2519 Μ.
301 2481 347 2519 de
374 2482 526 2532 Wailly
556 2483 707 2529 (Hister.
735 2485 778 2520 de
807 2485 883 2526 Fr„
912 2489 939 2521 t.
968 2483 1105 2530 XXII,
1131 2494 1168 2533 p.
1196 2484 1281 2531 407,
1309 2489 1400 2522 note
1427 2484 1461 2530 6)
1489 2495 1527 2529 a,

118 2550 268 2578 comme
287 2541 375 2589 plus
394 2542 503 2589 haut,
519 2542 715 2583 confondu
735 2542 771 2580 le
785 2543 845 2580 fils
858 2542 997 2582 d’Othe
1009 2543 1056 2581 de
1076 2543 1311 2592 Bourgogne
1325 2554 1420 2581 avec
1435 2543 1528 2580 l’en-

118 2597 223 2635 nemi
243 2597 291 2635 de
310 2597 473 2636 Mshsut
491 2599 678 2639 d’Artois.

165 2655 198 2693 3.
220 2656 277 2694 Cf.
299 2668 376 2696 une
395 2657 503 2707 pisce
523 2658 574 2697 du
594 2660 649 2696 10‘
667 2670 773 2697 mars
795 2659 886 2698 1316
908 2661 1091 2708 (Ar-ohim
1109 2662 1169 2698 dos
1187 2663 1360 2698 missione
1379 2662 1525 2699 scienti-

115 2717 228 2762 ssques
254 2720 288 2753 et
317 2719 530 2763 titur-airas,
556 2718 596 2756 2·
618 2718 733 2766 seris,
762 2725 791 2757 t.
819 2719 871 2766 ΙΙ,
902 2731 938 2767 p.
967 2719 1048 2766 282)
1081 2720 1242 2758 relative
1272 2720 1295 2757 a
1327 2731 1372 2758 ce
1400 2720 1524 2769 projet

116 2773 286 2812 d‘union.
