1838 3164
351 262 417 300 130
626 257 993 294 eunouoomuu
1021 255 1173 289 noun
1197 252 1476 287 mmm.
1641 246 1748 295 [ίωὸ

414 341 637 392 Exierunt
672 353 788 403 ergo
817 335 878 386 de
907 335 1014 384 villa
1047 339 1095 384 et
1128 331 1348 382 viderunt
1379 330 1483 381 illos
1515 329 1576 381 de
1610 333 1751 395 lppra

343 420 441 484 jam
472 433 554 466 sua
584 412 882 465 multitudine
912 415 1195 476 occupantes
1225 423 1420 473 campos
1451 407 1574 456 inter
1601 404 1752 457 Arkas

349 500 397 543 et
415 496 635 543 Sanctum
652 489 992 546 Andomarum‚
1015 502 1074 536 ne
1092 484 1249 535 Gallici
1276 488 1470 549 possent
1490 482 1581 532 sibi
1598 481 1753 532 lomim

348 568 566 635 eligere¹.
596 565 729 627 Quod
749 564 962 614 videntes
991 561 1222 627 capitanei
1250 563 1554 618 Francorum,
1580 574 1643 608 ex
1666 556 1755 607 biis

349 645 430 712 qui
472 647 796 693 remanserant
843 640 891 689 in
941 638 1048 688 villa
1095 638 1306 688 fecerunt
1350 652 1493 686 unam
1538 649 1756 702 gneum

350 722 524 779 aciem3
552 718 721 770 deinde
752 717 1037 767 transierunt
1067 716 1205 774 ultra,
1233 714 1503 763 dimitentes
1524 711 1675 762 aciem
1697 708 1758 760 de

350 801 511 864 Yppra
545 813 572 846 a
607 794 809 846 sinistris
841 799 890 843 et
923 797 1154 842 venerunt
1189 790 1249 840 ad
1287 788 1542 855 quamdam
1577 786 1755 845 vill-m,

352 872 541 923 nomine
561 870 853 935 Blandeque²
872 874 919 918 et
946 867 1054 917 inde
1078 866 1424 918 descenderunt
1442 881 1609 917 versus
1631 878 1759 914 mm-

352 966 486 1015 pum,
522 948 602 998 ubi
631 945 856 1012 Flamingi
889 944 1026 994 locati
1055 950 1190 993 erant
1219 961 1230 993 ε
1259 947 1575 1009 reppererunt
1602 946 1761 991 autem

354 1024 530 1074 ibidem
556 1021 809 1087 quamdam
831 1019 979 1069 aciem
1004 1018 1379 1068 robustissimam
1408 1018 1612 1076 illorum,
1639 1016 1764 1067 scili-

355 1106 430 1149 cet
453 1100 512 1149 de
535 1098 703 1149 Furnis
725 1103 775 1146 et
799 1095 859 1146 de
883 1098 1078 1144 Franco.
1107 1098 1236 1144 Tunc
1264 1110 1380 1161 ergo
1413 1093 1670 1160 [dominus]
1701 1092 1764 1143 de

356 1175 552 1225 Fiennes
575 1174 731 1239 primo
755 1188 1006 1239 aggressus
1024 1177 1097 1221 est
1115 1187 1198 1221 eos
1222 1190 1232 1220 ε
1255 1187 1403 1237 porro
1419 1170 1645 1238 Flamingi
1668 1170 1765 1221 fon-

357 1253 535 1303 tissime
558 1250 857 1317 pugnabant;
885 1248 968 1299 sed
993 1248 1194 1299 finaliter
1217 1247 1455 1315 confugati
1479 1248 1720 1314 fugemnt.

421 1328 613 1378 Interim
632 1326 856 1392 magister
874 1324 1223 1375 balistariorum
1239 1340 1348 1374 cum
1367 1323 1606 1390 peditibus
1621 1322 1769 1375 adve-

358 1405 450 1464 nit‚
485 1410 769 1470 repertaque
801 1402 899 1452 acie
932 1401 1121 1452 illorum
1153 1400 1214 1451 de
1247 1401 1416 1468 Brugis
1446 1406 1496 1451 et
1532 1400 1594 1451 de
1625 1402 1768 1451 Bessa

358 1481 575 1533 Flandria
603 1479 972 1531 custodiencium
1001 1494 1132 1528 arma
1160 1483 1210 1528 et
1232 1477 1321 1528 alia
1350 1477 1544 1545 negocia
1566 1476 1769 1528 Flsmin-

359 1575 548 1626 gorum‚
567 1557 790 1607 continuo
808 1555 978 1604 invasit
993 1571 1094 1605 eos.
1112 1555 1185 1604 flii
1202 1554 1397 1620 quidem
1413 1553 1527 1604 victi
1545 1553 1769 1621 sugant

361 1652 526 1685 versus
549 1637 733 1683 Novum
756 1633 1048 1690 Fossatum³‚
1076 1631 1306 1697 paucique
1329 1636 1582 1681 evaserunt
1603 1645 1772 1680 manus

361 1712 768 1780 persequencium.
786 1714 933 1760 Porro
949 1710 1131 1776 pedites
1143 1715 1453 1760 cucurrerunt
1470 1709 1531 1759 ad
1551 1708 1767 1775 predam,

362 1807 413 1840 se
443 1806 533 1855 pro
565 1805 707 1854 posse
740 1792 990 1836 onerantes
1019 1791 1067 1835 et
1095 1786 1157 1835 ad
1191 1787 1347 1836 villam
1380 1785 1668 1853 gradientes.
1703 1785 1772 1835 11Ιί

361 1882 477 1916 vero
492 1866 552 1915 de
569 1869 746 1930 Yppra‚
763 1863 963 1913 scientes
981 1863 1221 1912 interitum
1239 1863 1456 1922 aliorum,
1477 1862 1773 1913 diverterunt

363 1960 529 1993 versus
548 1942 749 1992 tentoria
766 1947 1031 1990 ceterorum
1050 1941 1417 2009 Flamingorum,
1439 1946 1661 1991 necantes
1678 1940 1775 1989 sin-

363 2022 499 2087 gulos
523 2019 694 2086 quibus
717 2018 1016 2068 obviabant⁴,
1040 2021 1299 2078 Quwmm
1322 2019 1650 2085 prospicerent
1669 2017 1775 2068 Gal-

413 2145 447 2181 1.
470 2143 524 2181 Ca
545 2143 783 2192 paragrapho
802 2147 841 2180 et
862 2142 897 2179 le
918 2142 1076 2180 suivant
1095 2147 1184 2180 sont
1204 2153 1258 2180 un
1277 2153 1350 2191 peu
1371 2143 1458 2191 plus
1477 2142 1654 2181 detsisses
1678 2141 1777 2180 dans

367 2202 424 2239 les
450 2200 657 2239 Anoionnes
685 2201 906 2246 chronique:
937 2202 979 2237 da
1009 2201 1171 2237 flandra
1201 2201 1360 2248 (Hister.
1392 2202 1435 2237 de
1467 2202 1545 2249 Fr„
1573 2206 1602 2239 t.
1638 2199 1777 2247 xm,

367 2271 405 2308 p.
427 2259 531 2305 387„
553 2258 652 2296 mais
673 2263 758 2296 tout
779 2258 989 2296 l'essentiel
1011 2269 1054 2296 se
1072 2263 1210 2296 trouve
1230 2258 1297 2296 ici.

415 2319 451 2356 2.
473 2317 743 2366 Blandecques
757 2316 1072 2366 (Pane-Calais,
1086 2316 1242 2354 arrond.
1259 2322 1298 2355 et
1311 2323 1417 2356 eant.
1431 2318 1479 2356 de
1499 2316 1777 2366 saint-omer).

371 2377 429 2415 Cf.
444 2377 667 2415 Guillaume
682 2376 836 2414 Guiart.
853 2377 1003 2424 (Hister.
1018 2378 1062 2414 de
1073 2378 1150 2420 Fr„
1168 2381 1197 2414 t.
1213 2377 1351 2427 xxn,
1365 2389 1403 2427 p.
1424 2377 1510 2426 243,
1525 2387 1614 2417 vers
1634 2375 1778 2424 15534.)

419 2436 453 2474 3.
475 2436 595 2474 Ganal
614 2435 666 2473 du
684 2434 946 2474 Nous-Fossa.

419 2497 455 2533 4.
474 2495 566 2533 Ceei
592 2500 652 2533 est
678 2499 764 2533 tout
789 2494 814 2531 a
841 2493 912 2533 fait
940 2495 1140 2534 conforme
1169 2495 1193 2532 ὁ,
1221 2496 1260 2533 la
1288 2496 1455 2534 relation
1481 2495 1530 2534 de
1559 2495 1782 2534 Guillaume

373 2554 512 2592 Guiart
530 2555 684 2600 (Hister.
705 2555 748 2591 de
766 2555 842 2598 Fr„
874 2558 906 2592 t.
925 2553 1065 2603 XXII,
1083 2565 1121 2603 p.
1142 2554 1228 2602 243,
1249 2565 1337 2592 vers
1358 2555 1474 2593 15540
1492 2560 1533 2594 et
1559 2556 1749 2603 minan)
1771 2568 1780 2593 :

638 2628 656 2650 ι
677 2613 808 2659 Quant
827 2613 856 2651 li
875 2613 1024 2663 sedant
1042 2614 1090 2652 de
1108 2615 1170 2663 pie
1189 2614 1344 2652 avicent.

639 2689 656 2710 α
678 2674 803 2712 Chare
821 2679 860 2712 et.
879 2675 1079 2713 chat-retes
1097 2675 1164 2724 qui
1182 2675 1221 2712 la
1240 2675 1382 2724 ierent,

641 2748 658 2768 ιι
678 2734 762 2770 Enz
781 2745 832 2771 en
852 2734 968 2772 l’eure
986 2734 1112 2783 parmi
1131 2746 1173 2773 se
1191 2734 1342 2773 fierent.
1366 2750 1385 2770 ι
