1838 3164
74 343 180 390 {3021
351 344 720 378 CHRONOGRAPmA
746 345 899 378 limma
924 344 1204 378 rmucolunt.
1432 339 1476 376 99

72 427 221 476 lerent
245 443 271 474 a
290 425 458 491 Brugis
481 430 529 474 et.
553 424 801 473 bannirent
825 439 1008 482 omneS‚
1040 424 1121 488 qui
1142 424 1203 473 de
1226 428 1327 472 tota
1350 438 1479 472 com-

71 502 297 552 munitate
339 518 422 551 sua
460 499 769 550 interfuerunt
810 499 1174 565 conspiracioni‚
1211 498 1272 547 de
1319 501 1476 558 Petro,

4 580 5 585 ’
70 584 383 646 cognomento
415 577 572 644 Regis,
611 574 824 625 faciendo
856 576 1153 641 capitaneum
1190 592 1273 625 seu
1312 575 1482 625 ducem

70 656 146 706 vel
185 656 429 706 dominum
452 653 664 721 ejusdem
699 653 1065 702 communitatis.
1105 652 1242 712 Quod
1281 653 1482 702 Jacobus

71 733 234 783 annuit
250 732 336 792 eis,
357 737 406 781 et
424 730 491 780 sic
507 729 573 779 illi
598 729 855 795 supradicti
873 729 1063 779 fuerunt
1081 745 1248 779 omnes
1269 747 1297 777 a
1315 729 1483 795 Brugis

70 809 254 875 expulsi
285 814 334 858 et
363 806 558 857 banniti.
591 809 694 866 Quo
723 806 863 866 facto,
898 806 1109 872 prefatus
1141 805 1344 857 Jacobus
1373 821 1483 856 cum

3 877 12 930 Ῐ
70 887 167 938 suis
190 885 410 936 omnibus
433 884 563 934 venit
586 884 755 950 Brugis
782 883 909 950 (sic).

134 963 332 1024 Quidam
355 978 471 1012 vero
493 961 657 1011 dicunt
680 961 828 1027 quod,
856 961 1034 1011 Jacobo
1056 960 1118 1010 de
1146 961 1317 1009 Sancto
1342 958 1483 1009 Paulo

5 1067 13 1086 »
70 1045 269 1092 exeunte
307 1038 434 1105 apud
471 1038 820 1098 Winendalam‚
862 1041 1129 1104 Brugenses
1161 1037 1390 1086 miserunt
1423 1035 1484 1084 ad

69 1117 242 1184 ipsum,
255 1116 475 1182 quatinus
486 1131 647 1165 amore
660 1115 741 1165 Dei
755 1115 937 1164 veniret
949 1114 1134 1180 Brugis,
1150 1113 1261 1179 quia
1273 1129 1485 1163 commu-

70 1194 190 1244 nitas
205 1195 303 1258 jam
326 1193 577 1259 incipiebat
594 1191 882 1257 conspirare.
905 1191 990 1252 Qui
1007 1191 1219 1257 quidem,
1238 1196 1485 1256 assumpto

0 1299 13 1306 w
70 1286 229 1322 secum
253 1269 508 1321 Godefrido
533 1268 594 1318 de
620 1268 831 1327 Boionia,
859 1268 987 1318 venit
1013 1267 1198 1335 Brugis.
1227 1270 1344 1318 Cum
1370 1283 1487 1333 ergo

3 1359 17 1414 JV
70 1362 178 1396 sero
206 1350 331 1396 esset
364 1345 412 1394 in
448 1344 660 1411 hospicio
690 1360 795 1403 sun,
829 1343 1024 1409 quidam
1057 1343 1147 1394 sibi
1180 1343 1394 1393 faventes
1426 1342 1487 1392 de

4 1413 19 1483 J
69 1423 179 1473 villa
199 1422 538 1473 nunciaverunt
561 1421 605 1471 ei
630 1420 929 1487 propositum
953 1420 1141 1471 illorum
1165 1419 1226 1469 de
1243 1420 1369 1478 villa,
1398 1419 1488 1469 sci-

7 1498 10 1507 *
70 1499 177 1550 licet
191 1500 320 1566 quod
334 1504 678 1566 proposuerant
691 1499 889 1548 latenter
905 1497 1120 1547 occidere
1133 1513 1299 1547 omnes
1317 1497 1488 1546 milites

9 1605 17 1614 ·
69 1576 300 1627 soldarios
323 1592 383 1626 ex
408 1581 543 1642 parte
562 1575 689 1642 regis
711 1580 760 1624 et
778 1574 908 1640 quod
926 1574 1154 1624 miserant
1173 1572 1408 1639 quosdam
1426 1571 1488 1621 de

4 1699 8 1705 s
72 1653 169 1703 suis
190 1652 317 1718 apud
341 1655 457 1702 Dan.

136 1732 432 1795 Quapropter
449 1727 649 1779 Jacobus
665 1726 724 1776 de
743 1729 913 1776 Sancto
931 1726 1092 1784 Paulo,
1112 1725 1275 1775 exiens
1290 1725 1490 1775 latenter

61 1806 132 1858 ‘dc
163 1806 294 1866 villa,
330 1805 458 1855 misit
490 1804 572 1869 qui
602 1803 781 1853 diceret
816 1803 1152 1862 nobilioribus,
1186 1802 1246 1852 ad
1277 1802 1488 1867 hospicia

13 1875 18 1896 ³
71 1899 252 1942 eorum,
280 1883 499 1949 quatinus
517 1899 568 1932 se
585 1882 819 1931 salvarent
834 1881 1001 1931 melius
1020 1898 1165 1946 quam
1179 1886 1392 1946 possent.
1418 1880 1487 1929 llli

70 1977 203 2020 vero,
234 1961 315 2027 qui
330 1959 507 2009 banniti
530 1965 842 2025 perrexerant
865 1959 992 2024 apud
1013 1962 1131 2016 Dan,
1158 1963 1387 2007 venerunt
1413 1957 1489 2006 illa

72 2043 210 2090 nocte
234 2037 429 2104 Brugis;
464 2037 636 2102 quibus
664 2036 823 2086 statim
852 2036 913 2086 ad
943 2036 1148 2085 sonitum
1176 2035 1328 2102 pelvis
1359 2041 1489 2084 mota

73 2208 332 2252 armorum,
365 2196 768 2255 cucurreruntque
795 2207 884 2256 per
915 2190 1123 2255 hospicia
1154 2189 1487 2247 soldariorum‚

74 2270 203 2336 ipsos
234 2268 501 2320 occidentes
540 2274 589 2317 et
627 2268 899 2333 spoliantes.
941 2269 1059 2315 Nam
1098 2282 1158 2316 ex
1197 2265 1266 2315 eis
1296 2264 1490 2330 quidam

74 2352 341 2404 evaserunt,
370 2345 513 2395 ceteri
542 2361 659 2393 vero
684 2344 824 2393 occisi
851 2343 925 2392 vel
957 2343 1081 2408 capti
1105 2352 1232 2392 sunt.
1255 2344 1491 2391 Numerus

28 2487 30 2494 Ι
76 2440 189 2473 vero
212 2423 475 2473 occisorum
493 2422 580 2472 fuit
603 2421 790 2471 circiter
808 2420 952 2470 trium
971 2420 1187 2478 millium,
1209 2425 1258 2468 et
1280 2419 1491 2484 captivo-

23 2497 42 2565 ,Γ
75 2516 182 2550 rum
205 2505 303 2550 η’.
326 2501 438 2549 Acta
457 2499 645 2549 fuerunt
664 2499 750 2547 hec
766 2498 934 2564 Brugis
958 2514 1081 2547 anno
1103 2496 1286 2546 Domini
1310 2501 1364 2545 ιο
1382 2502 1489 2546 000θ

18 2602 31 2630 ,4
78 2575 334 2627 secundo¹.

30 2747 31 2750 ,
131 2707 166 2744 1.
189 2706 232 2744 17
257 2706 339 2744 mai
363 2705 467 2744 1302.
494 2726 540 2734 —
559 2706 632 2751 (Cf.
658 2717 757 2756 pour
780 2711 883 2744 cette
911 2705 1057 2743 revolte
1082 2703 1305 2742 Guillaumo
1333 2702 1489 2750 Guiart‚

82 2766 220 2805 Histor.
241 2767 284 2803 ds
308 2767 386 2812 Fr„
406 2771 435 2803 t.
456 2765 594 2812 XXII,
614 2777 652 2814 p.
672 2765 757 2813 236,
783 2776 873 2803 vers
900 2764 1015 2802 14736
1035 2769 1075 2801 et
1099 2763 1304 2810 suivants.)
1324 2763 1381 2800 La
1399 2773 1490 2800 ver-

83 2825 169 2864 sion
193 2835 267 2875 que
286 2824 463 2863 donnent
483 2825 541 2862 les
561 2825 767 2863 Amicam
791 2826 1011 2870 chronique-s
1029 2824 1071 2861 ds
1090 2823 1250 2860 Flamin
1273 2826 1333 2859 est
1351 2831 1488 2859 exces-
