1838 3164
82 286 187 335 1312]
357 289 729 324 cnuonoclupnu
754 287 907 321 nonu
931 285 1211 320 masculum.
1416 281 1483 319 193

78 369 432 435 archiepiscopo
475 368 521 418 in
565 367 672 416 villa
712 364 964 422 Medeceni,
1008 365 1220 430 ejusdem
1261 363 1480 420 diocesis,

78 444 246 510 recipit
266 444 441 510 (tamen
460 444 562 510 ipse
575 442 801 493 Henricus
819 440 997 505 accepit
1010 440 1254 490 Mediolani
1272 441 1320 490 in
1338 440 1485 491 eccle·

77 522 144 571 sia
169 522 326 571 Sancti
353 520 663 584 Ambrosii)¹;
689 523 938 584 argentum
958 517 1084 567 enim
1108 518 1324 584 designat
1348 534 1486 567 mun-

76 598 245 647 diciam
275 605 325 648 et
353 598 629 654 claritatem,
656 594 886 660 significat
917 593 1177 659 principem
1209 594 1349 643 talem
1380 609 1486 644 esse

75 674 268 724 debere.
289 673 450 724 Tereia
463 678 537 723 est
552 671 613 722 de
631 686 754 736 puro
772 686 905 727 auro,
927 686 1022 734 qua
1046 675 1300 718 coronatur
1317 687 1345 718 a
1360 672 1485 735 Papa

75 749 124 799 in
147 749 341 799 ecclesia
373 748 529 799 Sancti
561 746 703 805 Petri,
730 746 791 795 ad
822 745 969 795 altare
998 744 1155 795 Sancti
1177 745 1405 802 Mam-itin
1439 750 1485 794 et

75 826 290 893 designat
313 841 499 884 aurum,
529 823 660 889 quod
680 823 901 873 omnibus
931 821 1132 872 metallis
1157 827 1231 871 est
1254 821 1487 871 excellen-

75 904 184 962 tius,
212 903 368 969 ipsum
399 902 735 968 imperatorem
765 900 867 950 aliis
894 899 1087 966 regibus
1115 904 1163 948 et
1193 898 1488 964 principibus

73 980 120 1029 in
161 979 371 1046 potentia
410 984 458 1028 et
493 978 681 1046 justicia
722 977 1102 1027 excellentiorem
1142 991 1251 1026 esse
1288 974 1483 1025 debere.

74 1058 148 1107 Sic
195 1057 308 1106 olim
354 1056 403 1105 in
445 1056 533 1105 hiis
577 1055 729 1106 tribus
770 1054 969 1105 metallis
1011 1053 1213 1104 dabatur
1256 1052 1486 1103 tributum

73 1133 314 1184 Romanis.

142 1230 164 1257 ‹
195 1213 449 1275 Postquam
473 1225 588 1258 vero
613 1208 741 1258 idem
769 1207 1030 1275 imperator
1054 1207 1283 1257 Henricus
1307 1207 1488 1257 unctio-

0 1344 2 1350 ,
77 1307 98 1334 ι
130 1288 229 1346 niS,
269 1286 635 1337 consecrationis
671 1292 719 1335 et
753 1284 1070 1337 coronationis
1106 1301 1191 1334 sue
1225 1283 1424 1350 insignia
1460 1302 1487 1333 a

77 1383 99 1411 ι
129 1364 442 1414 cardinalibus
474 1363 701 1429 recepit',
737 1379 859 1428 quos
894 1362 956 1413 ad
989 1360 1361 1428 impendendum
1397 1360 1486 1410 sibi

77 1461 99 1488 ι
126 1441 480 1506 prenominatus
525 1443 650 1506 Papa
695 1439 909 1490 Clemens
953 1438 1146 1505 quintus
1189 1438 1383 1488 miserat
1425 1437 1485 1487 ad

75 1537 97 1565 ι
126 1517 320 1577 Urbem,
349 1517 462 1568 illud
487 1534 575 1567 suo
601 1516 789 1566 nomine
808 1515 1145 1582 recipientibus
1164 1514 1487 1581 juramentum

76 1614 98 1642 ‹
128 1600 431 1661 prenotatum
461 1601 510 1644 et
532 1594 673 1644 etiam
705 1593 912 1659 primum
947 1609 1038 1657 pro
1061 1608 1138 1650 eo,
1173 1590 1263 1640 sibi
1295 1596 1344 1639 et
1376 1606 1488 1640 suos

74 1690 96 1718 ι
127 1671 341 1730 nuncios,
370 1676 422 1720 ut
450 1670 754 1735 premittitur,
783 1668 1044 1726 innovavit,
1073 1673 1217 1733 prout
1243 1667 1291 1716 in
1323 1673 1487 1732 paten-

75 1767 95 1794 ‹
124 1748 252 1798 tibus
286 1754 394 1798 ante
428 1746 780 1796 coronationem
813 1746 968 1811 ipsam
1001 1744 1103 1811 ejus
1142 1743 1275 1811 regio
1309 1761 1486 1811 magno

74 1844 95 1871 ι
125 1825 294 1892 sigillo,
318 1829 371 1874 ut
393 1823 572 1875 dictum
590 1829 663 1872 est
683 1839 844 1888 supra,
867 1829 917 1872 et
932 1821 1037 1872 aliis
1060 1829 1171 1887 post
1194 1821 1482 1878 unctionem,

73 1920 95 1948 ι
124 1900 525 1951 consecrationem
540 1905 589 1950 et
608 1899 961 1949 coronationem
981 1897 1191 1955 easdem,
1213 1897 1316 1963 ejus
1335 1897 1486 1963 impe-

73 1998 96 2024 ι
126 1977 229 2028 riali
247 1994 392 2029 aurea
407 1976 536 2028 bulla
556 1976 766 2035 munitis,
787 1975 896 2026 inde
915 1975 1140 2026 consectis
1159 1974 1343 2032 litteris,
1366 1991 1485 2039 quas

117 2150 151 2187 1.
174 2148 487 2193 Effeotivoment.
502 2148 598 2186 c'est
610 2148 633 2184 a
647 2148 787 2185 Mouza
805 2156 895 2194 que,
911 2146 1068 2184 suivant
1090 2146 1249 2194 l'usage,
1263 2146 1300 2184 le
1318 2155 1482 2183 cour-on-

70 2214 232 2246 nement
250 2207 376 2246 aurait
394 2206 446 2245 du
466 2217 508 2245 se
528 2206 636 2244 faire.
658 2205 783 2244 Henri
803 2204 894 2252 VII,
909 2203 1140 2253 cependant,
1161 2203 1218 2241 fut
1238 2204 1438 2242 eouronne
1459 2203 1482 2240 a

72 2267 207 2306 Milan.

116 2325 152 2363 2.
177 2339 194 2360 α
216 2324 253 2363 Α
271 2325 310 2362 di
331 2325 455 2374 primo
474 2323 659 2374 d'Agosto
682 2324 841 2371 1312,fu
863 2323 1092 2360 incoronato
1112 2322 1152 2358 in
1176 2321 1302 2360 Roma
1319 2321 1482 2371 Arrigo,

73 2397 90 2418 ι
112 2388 226 2422 conte
243 2382 282 2420 di
301 2381 830 2431 Luzimburgo‚{imperadore
844 2391 864 2417 e
881 2391 921 2418 re
941 2379 1000 2417 de'
1020 2378 1204 2425 Romani,
1224 2378 1330 2416 nella
1349 2378 1482 2416 chiesa

73 2455 91 2478 ι
111 2442 150 2479 di
179 2441 260 2479 San
288 2441 486 2480 Giovanni
512 2441 720 2488 Laterano,
746 2440 795 2477 da
821 2450 970 2477 messer
994 2438 1179 2476 Niccolao
1209 2436 1406 2475 cardinale
1433 2437 1483 2474 da

73 2501 231 2538 «Prato
251 2512 272 2538 e
291 2501 341 2539 da
366 2511 516 2539 messer
533 2501 641 2539 Luca
664 2500 727 2538 dal
746 2499 883 2537 Fiesco
912 2497 1108 2536 cardinale
1134 2497 1183 2534 da
1208 2496 1371 2535 Genova
1394 2508 1415 2535 a
1433 2496 1483 2534 da

74 2571 286 2598 «messere
306 2559 481 2599 Arnaldo
499 2560 667 2609 Pelagru
695 2558 891 2598 cardinale
910 2558 948 2594 di
968 2557 1203 2604 Guascogna
1220 2556 1259 2593 di
1279 2556 1443 2595 licenzia
1462 2566 1484 2592 e

0 2604 3 2650 ἶ
75 2633 93 2655 ι
116 2619 301 2657 mandato
316 2619 354 2656 di
366 2619 472 2668 Papa
484 2618 684 2657 Clemente
703 2619 840 2668 quinto
853 2628 874 2655 e
887 2617 945 2654 de'
963 2616 1047 2654 suoi
1062 2614 1294 2653 cardinali.»
1311 2615 1483 2659 (Orouion

0 2663 4 2712 l

73 2678 115 2715 as·
138 2679 235 2715 Dino
260 2677 476 2725 oompaqni,
499 2676 703 2725 Muratori,
722 2678 857 2716 Rerum
882 2677 1103 2712 italicarum
1128 2676 1333 2720 scriptores,
1356 2678 1385 2710 t.
1407 2671 1482 2718 IX,

0 2714 9 2798 ζ
76 2735 150 2773 eol.
173 2735 271 2783 533.)

0 2829 6 2924 ς

0 2973 7 3051 3

219 2800 234 2832 1
1295 2792 1338 2829 13
