1838 3164
334 253 400 291 ¹58
604 253 974 287 cunouoomuu
1001 253 1153 287 ucula
1177 252 1456 287 muoonuu.
1626 250 1730 298 {¹³0⁴

330 349 652 400 quoscumque
670 331 928 399 attingebat
945 332 1006 382 de
1025 331 1221 381 machia.
1242 334 1357 382 Nam
1373 332 1436 382 ita
1452 332 1605 383 valide
1623 339 1735 383 tune

328 429 380 462 se
398 410 576 468 habuit,
598 408 727 476 quod
746 409 941 476 propria
961 408 1238 460 strenuitate
1254 409 1471 476 corporis
1487 409 1558 460 sui
1577 415 1625 460 et
1639 426 1734 460 non

327 486 535 547 alterius,
563 486 788 554 Flamingi
812 487 999 538 refutati
1025 493 1152 537 sunt.

391 567 538 614 Porro
567 563 675 615 nilo
704 563 765 615 de
787 564 1000 623 Ncieriis,
1029 570 1080 615 ut
1105 563 1222 614 vidit
1246 562 1468 614 vexillum
1501 562 1659 630 regale
1688 562 1735 613 in

326 647 502 692 terram
515 640 690 708 jacere,
712 641 958 692 confestim
985 641 1098 692 illud
1123 640 1343 706 arripuit¹
1365 646 1415 690 et
1430 639 1568 691 altius
1590 655 1734 706 quam

325 718 479 783 potuit
517 717 765 784 erigend0,
799 724 1018 784 potenter
1050 724 1152 768 toto
1184 718 1263 768 illo
1299 716 1375 767 die
1408 716 1456 767 in
1489 716 1580 767 boc
1612 716 1736 767 bello

325 794 558 859 portavit;
592 794 716 844 unde
750 794 977 844 virtutum
1010 794 1112 860 ejus
1143 794 1300 861 gracia
1337 793 1736 860 quamplurium!

325 869 386 919 ab
403 870 623 920 omnibus
644 875 778 920 aucta
802 870 904 920 fuit.
927 870 1121 920 Interim
1145 870 1326 920 nobiles
1350 869 1430 935 qui
1451 886 1504 920 se
1525 874 1738 920 retraxe-

323 952 447 1005 rant,
468 954 716 998 cernentes
732 963 895 1013 regem
913 951 1021 996 ante
1042 962 1208 996 omnes
1224 947 1288 996 ita
1308 952 1500 997 strenue
1521 945 1736 997 inituim·

323 1022 657 1082 debellantem,
691 1039 786 1074 uno
819 1023 1000 1088 impetu
1036 1022 1276 1074 irruerunt
1307 1023 1353 1072 in
1387 1022 1654 1090 Flamingos
1686 1029 1737 1072 et

324 1104 436 1148 tunc
459 1099 635 1149 bellum
657 1099 811 1149 acrius
841 1098 1099 1163 duriusque
1130 1098 1417 1148 instauratur
1439 1114 1585 1163 quam
1606 1103 1732 1148 ante.

388 1175 612 1241 Flamingi
646 1191 780 1234 vern,
809 1175 889 1240 qui
919 1175 1091 1241 longua
1120 1174 1381 1225 certatione
1408 1174 1520 1224 sessi
1548 1173 1737 1225 defici&

322 1253 433 1302 bant
458 1252 506 1301 in
532 1252 712 1302 viribus
740 1252 855 1310 suis,
881 1252 1079 1302 Gallicos
1108 1259 1324 1302 recenter
1346 1267 1431 1302 cos
1458 1251 1738 1303 audantes

322 1329 524 1379 tolerare
546 1330 886 1395 nequiverunt;
906 1329 1081 1380 ideirco
1103 1329 1149 1379 in
1175 1335 1306 1380 tanto
1329 1345 1530 1380 numero
1552 1328 1738 1381 cecide-

320 1410 431 1454 runt
459 1411 512 1454 ut
543 1405 697 1471 campi
728 1405 826 1456 suis
854 1403 1164 1455 cadaveribus
1193 1410 1482 1471 tegerentur.
1516 1405 1736 1456 Pateo-

319 1499 345 1530 a
369 1481 652 1546 quibusdam
675 1482 866 1532 aciebus
889 1485 1179 1533 Francorum
1200 1489 1249 1532 et
1272 1497 1439 1533 eorum
1472 1481 1733 1548 peditibus,

320 1557 546 1625 Flamingi
571 1575 660 1623 per
684 1564 815 1609 retro
844 1558 1036 1611 fuerunt
1064 1558 1296 1626 aggressi,
1324 1558 1372 1609 in
1398 1565 1582 1610 tanum
1603 1557 1735 1625 quod

320 1652 489 1685 currus
515 1652 683 1686 eorum
706 1641 961 1693 vertentes,
990 1636 1191 1687 tentoria
1213 1652 1269 1686 ac
1290 1636 1450 1687 omnia
1471 1653 1566 1703 que
1589 1652 1737 1703 supa·

320 1719 594 1777 posuerant,
621 1712 914 1763 abstulerunt
936 1720 984 1762 et
1008 1715 1419 1779 asportaverunt&

383 1794 564 1840 Interea
583 1789 854 1841 Guillelmus
868 1794 893 1840 J
898 1790 1164 1849 uliocensis,
1185 1790 1267 1856 qui
1282 1806 1392 1840 cum
1410 1791 1509 1841 acie
1527 1807 1611 1841 sua
1632 1796 1736 1840 ml.

320 1867 519 1928 multum
550 1873 658 1917 ante
688 1867 734 1916 in
765 1867 976 1917 exercitu
1006 1868 1150 1934 regis,
1178 1867 1345 1918 videns
1374 1867 1504 1934 quod
1533 1866 1736 1919 evadere

319 1960 413 1993 non
438 1944 639 2004 valebat,
665 1944 862 1994 nimium
886 1945 1170 1994 constrictus
1193 1944 1348 1994 calore
1371 1951 1421 1994 et
1443 1945 1537 2004 siti,
1564 1944 1736 1994 discul-

320 2021 452 2070 tiavit
475 2021 623 2087 pedes
653 2038 795 2080 suos,
827 2013 907 2087 qui
939 2020 1134 2088 quidem
1163 2026 1211 2071 et
1239 2021 1320 2088 qui
1354 2037 1463 2072 cum
1487 2038 1545 2071 eo
1577 2027 1731 2082 emm,

367 2173 401 2209 l.
424 2172 497 2210 Les
515 2174 719 2211 Amicum
738 2175 956 2221 chronique:
974 2175 1019 2212 dc
1037 2175 1197 2212 mandra
1218 2175 1368 2221 (Hister.
1390 2175 1433 2211 de
1454 2175 1531 2216 Fr„
1548 2180 1576 2212 t.
1594 2174 1733 2222 xxa,
1772 2205 1777 2209 .

319 2243 356 2280 p.
379 2232 461 2279 394)
484 2244 534 2270 ne
553 2233 828 2272 mentionnent
852 2244 922 2282 pas
947 2239 1010 2271 cet
1036 2233 1225 2272 incident.
1245 2233 1308 2272 On
1333 2234 1368 2271 le
1395 2241 1547 2282 trouve,
1568 2245 1618 2273 an
1637 2246 1735 2273 eon-

320 2292 459 2340 traice,
486 2292 585 2335 dans
611 2294 649 2330 la
677 2294 888 2340 chronique
914 2295 1120 2331 normands
1145 2294 1199 2342 (pi
1227 2293 1310 2340 26),
1335 2294 1402 2342 qui
1429 2294 1558 2342 ajoute
1581 2293 1635 2333 ici
1658 2305 1734 2343 qne

319 2349 479 2389 Chai-les
507 2352 554 2390 de
583 2352 740 2400 Valois‚
771 2352 890 2390 Louis
915 2342 1110 2391 d'Evreux
1137 2357 1178 2389 et
1205 2352 1325 2390 Louis
1352 2351 1398 2390 de
1429 2351 1614 2391 Bourbon
1643 2366 1661 2388 ι
1690 2364 1733 2391 se

323 2422 340 2442 α
361 2409 546 2447 ralierent
566 2410 589 2447 ὲ
609 2411 647 2448 la
664 2410 824 2450 bataille
847 2410 900 2450 du
925 2421 1008 2460 roy.
1032 2425 1050 2446 ι
1071 2409 1109 2448 Α
1129 2421 1194 2448 ees
1219 2410 1321 2448 deux
1346 2410 1522 2450 derniers
1546 2422 1677 2460 noma,
1695 2411 1734 2450 12

320 2469 590 2507 continuation
609 2470 656 2508 de
676 2471 900 2509 Guillaume
918 2470 966 2508 de
985 2470 1136 2519 Nangis
1156 2473 1198 2518 (t.
1220 2470 1254 2518 Ι,
1273 2482 1310 2518 p.
1332 2470 1416 2512 344)
1435 2477 1475 2508 et
1494 2471 1550 2510 les
1569 2473 1734 2511 Gronau

321 2527 545 2574 Chroniques
564 2533 609 2572 (t.
632 2528 683 2575 V,
702 2540 741 2577 p.
763 2529 848 2572 166)
872 2539 924 2567 en
945 2529 1124 2578 joignent
1149 2529 1336 2577 quelques
1363 2535 1508 2567 autres.
1528 2530 1584 2568 Le
1605 2531 1734 2569 conti-

322 2591 489 2624 nuateur
507 2586 555 2624 de
578 2587 802 2626 Guillaume
821 2588 870 2627 de
887 2588 1040 2637 Nangis
1065 2588 1151 2626 seul
1175 2588 1406 2626 mentionne
1424 2589 1464 2627 la
1479 2595 1584 2627 mort
1606 2587 1732 2628 ‹ran-

323 2655 417 2682 seau
437 2645 483 2682 de
503 2645 740 2685 chevreuse.

369 2703 406 2741 2.
427 2703 485 2741 Cf.
508 2705 731 2744 Guillaumc
751 2706 892 2745 Guiart
912 2709 1061 2755 (Hister.
1079 2709 1123 2745 do
1139 2707 1224 2753 Fr„
1237 2712 1266 2744 t.
1282 2707 1420 2756 XXII,
1433 2719 1470 2756 p.
1485 2708 1556 2747 293
1573 2713 1613 2746 et
1629 2708 1728 2752 2⁹4).
