1838 3164
114 293 219 340 1328]
390 296 762 330 cunonocmnu
786 295 940 329 amun
965 294 1245 328 amcoauu.
1449 291 1518 328 ‘265
1586 273 1594 285 '

178 379 294 427 Cum
306 382 465 432 autem
476 393 571 425 non
587 374 818 425 inveniret
827 374 907 439 qui
923 379 1174 423 coronaret
1187 385 1296 423 eum
1310 389 1371 421 ex
1386 378 1521 438 parte

112 455 259 518 Papo,
292 452 428 519 juxta
461 457 690 501 statutum
719 450 864 499 sancti
899 452 1023 514 Pape
1057 449 1268 500 Silvestri
1304 455 1352 498 et
1378 451 1521 499 Cons-

111 529 275 579 tantini
305 529 455 595 Magni
485 526 808 594 imperatoris,
842 531 1100 575 convocata
1134 525 1274 590 plebe
1303 541 1516 582 romana,

111 606 314 656 ostendit
343 606 412 655 eis
435 605 635 671 qualiter
658 606 782 668 Papa
808 602 1074 652 offendebat
1098 604 1180 668 qui
1209 619 1302 651 non
1333 603 1522 652 tenebat

111 682 273 732 sedem
296 699 429 732 suam
454 681 536 732 ubi
563 685 752 730 sanctus
773 681 958 737 Petrus,
988 679 1171 744 primus
1198 679 1367 729 Christi
1397 680 1521 729 vica-

111 759 225 817 rius,
258 758 510 808 ordinavit.
546 761 812 822 Eapropter
842 755 1070 806 miserunt
1103 755 1432 804 embaxatores
1461 756 1520 805 ad

110 838 284 900 Papam
295 835 342 883 in
353 833 581 884 Avinione
594 833 872 883 mandantes
886 832 948 891 ei,
965 831 1095 897 quod
1108 831 1291 881 veniret
1302 834 1517 889 Romam,

109 911 175 961 ibi
200 916 362 960 tenere
390 909 553 960 sedem
578 926 734 968 suam,
766 909 838 959 siu
873 914 1031 959 autem
1058 908 1187 973 quod
1217 908 1409 973 ipsimet
1431 907 1519 957 sibi

108 987 336 1054 eligerent
358 990 551 1052 Papam.

173 1066 384 1129 Cumque
407 1063 518 1113 dicti
543 1063 692 1114 nuntii
716 1063 990 1113 assisterent
1012 1064 1138 1128 Pape
1165 1062 1212 1111 in
1241 1062 1520 1112 consistorio
1579 1095 1581 1097 -

109 1147 156 1191 et
177 1140 493 1191 ostendissent
515 1141 558 1190 ei
586 1141 767 1191 litteras
791 1157 918 1198 suas,
946 1143 1071 1205 Papa
1095 1138 1297 1206 injunxit
1319 1139 1406 1198 eis,
1433 1139 1522 1188 sub

109 1235 229 1284 pena
254 1218 766 1276 excommunicationis,
796 1216 924 1283 quod
955 1233 1050 1266 non
1083 1233 1135 1266 se
1165 1217 1522 1282 interponerent

107 1294 168 1344 de
209 1294 488 1360 papalitate;
533 1294 734 1360 injunxit
770 1293 912 1343 etiam
954 1292 1139 1358 prefato
1183 1292 1421 1343 Ludovico
1456 1291 1516 1341 de

106 1372 300 1422 Bavaria
336 1388 395 1422 ne
434 1371 611 1436 aliquid
646 1377 908 1421 assumeret
946 1369 1005 1419 de
1041 1370 1241 1435 imperio
1275 1370 1375 1419 sine
1417 1369 1519 1436 ejus

108 1448 298 1498 licencia
322 1454 371 1497 et
395 1464 607 1497 assensu.

173 1524 353 1575 Nuntiis
401 1530 558 1574 autem
600 1524 830 1590 regressis
869 1526 1067 1573 Romam
1110 1539 1165 1572 ac
1205 1522 1515 1573 referentibus

108 1602 414 1668 apostolicum
450 1601 742 1659 mandatum,
773 1600 900 1650 idem
936 1599 1200 1650 Ludovicus
1229 1599 1289 1649 de
1326 1599 1521 1648 Bavaria

107 1686 156 1729 et
187 1680 316 1729 cives
349 1678 565 1736 Romani,
601 1682 861 1727 convocato
890 1676 1084 1726 consilio
1114 1682 1279 1726 contra
1311 1681 1520 1725 sanctam

108 1755 408 1813 Ecclesiam¹,
438 1755 737 1805 hortamento
761 1754 966 1804 duorum
991 1754 1288 1811 clericorum,
1317 1769 1521 1819 quorum

108 1848 228 1882 unus
247 1837 350 1882 erat
374 1830 595 1898 cordiger
618 1837 667 1880 et
686 1830 944 1880 vocabatur
967 1833 1095 1880 Bona
1121 1830 1308 1881 Gratia²
1327 1836 1375 1879 et
1401 1831 1521 1880 alter

106 1908 330 1976 magister
342 1909 576 1960 «lohannes
594 1907 791 1959 Gendini
803 1910 841 1966 ³,
863 1908 942 1974 qui
959 1914 1062 1958 erat
1079 1908 1273 1958 nacione
1290 1910 1520 1957 Norman·

107 2002 216 2044 nus,
251 1986 332 2052 qui
361 1992 721 2037 commoverunt
747 1985 975 2051 populum
1007 1985 1161 2035 taliter
1191 1984 1320 2050 quod
1350 2001 1518 2035 omnes

107 2062 283 2127 pariter
305 2062 567 2112 clamabant
591 2061 720 2128 quod
746 2064 919 2127 Papam
944 2061 1116 2110 vellent
1138 2061 1329 2111 habere.

171 2139 420 2206 Elegerunt
435 2155 551 2204 ergo
569 2154 715 2187 unum
731 2137 991 2203 simplicem
1008 2137 1264 2196 hominem,
1280 2138 1341 2187 de
1353 2138 1518 2188 ordine

107 2220 323 2266 Fratrum
353 2216 601 2274 minorum,
638 2215 826 2264 nomine
855 2217 1045 2264 Petrum
1073 2215 1134 2264 de
1163 2214 1407 2273 Corbario‚
1438 2216 1518 2280 qui

107 2298 216 2358 poet
255 2292 326 2343 sui
373 2293 774 2343 consecrationem
820 2292 1086 2342 nominatus
1135 2298 1207 2342 est
1252 2292 1514 2350 Nicholaus‚

154 2423 187 2459 ¹,
210 2422 264 2460 Le
286 2422 329 2460 ¹8
349 2422 446 2460 avril
476 2422 582 2470 1328,
603 2421 701 2460 dans
731 2433 808 2459 une
836 2421 982 2470 grande
1011 2421 1228 2459 assemblee
1254 2433 1323 2459 sur
1346 2422 1383 2459 la
1410 2421 1516 2470 place

107 2479 391 2527 Saint-Pierre,
413 2481 529 2521 Louis
548 2480 596 2519 de
614 2481 783 2519 Baviere
804 2480 960 2518 declara
977 2480 1079 2518 Jean
1100 2480 1225 2519 XXII
1243 2480 1382 2519 dechu.

153 2539 189 2576 2.
212 2539 451 2589 Bonagratia
469 2539 517 2578 de
536 2540 744 2589 Ber-gama.

155 2598 189 2636 3.
210 2598 264 2636 Le
284 2598 559 2637 continuateur
576 2598 624 2636 dc
642 2598 866 2637 Guillaume
891 2598 938 2635 de
967 2598 1117 2646 Nangis
1147 2600 1188 2644 (t.
1215 2599 1305 2647 Isp.
1330 2599 1374 2636 15
1400 2603 1439 2635 et
1457 2598 1513 2643 74)

106 2656 215 2693 atlas
230 2657 391 2694 Grandes
406 2658 631 2704 Chroniquos
645 2660 685 2703 (t.
703 2656 753 2702 V,
772 2668 810 2705 p.
827 2656 909 2702 298)
929 2655 1104 2693 derivant
1117 2667 1162 2694 ce
1182 2666 1274 2693 nom
1297 2668 1305 2693 :
1327 2657 1514 2693 lohannes

106 2715 148 2750 do
165 2714 340 2751 lenduno
366 2725 417 2752 ou
442 2716 485 2751 do
508 2714 689 2752 &anduno
717 2725 768 2752 ou
796 2713 903 2752 enfin
931 2715 974 2750 do
1003 2714 1176 2752 Gondun.
1207 2713 1311 2751 C'est
1338 2713 1440 2751 Jean
1467 2712 1513 2750 de

106 2771 278 2810 Jandun.
