1838 3164
161 260 265 308 13¹0]
436 266 807 300 cmtonoclul'nu
831 266 985 300 amun
1010 267 1289 301 mucosum
1495 262 1561 300 189

162 363 182 390 ι
213 351 261 393 et
287 345 511 410 precipue
534 351 697 394 contra
720 351 1003 431 occupantes
1033 362 1117 394 seu
1141 345 1386 395 turbantes
1411 350 1564 402 terras

162 440 183 467 ‹
213 421 449 487 predictas
500 439 583 472 seu
635 421 901 487 provincias
950 421 1024 470 vel
1074 427 1259 487 partem
1308 421 1566 488 quamlibet

161 517 182 543 ‹
213 499 505 548 earumdem.
537 498 632 548 Sub
663 497 831 547 eodem
862 498 1001 546 etiam
1029 501 1316 562 juramento,
1347 498 1565 564 promisit

160 594 181 620 ι
212 575 340 641 quod
360 582 458 625 tam
474 576 628 641 ipsam
645 590 890 625 romanam
908 575 1163 625 Ecclesiam
1181 593 1324 641 quam
1345 576 1566 626 ecclesias

160 672 181 697 ι
211 653 341 712 alias,
362 653 626 702 libertatem
646 651 1026 711 ecclesiasticam,
1048 652 1189 711 bona,
1208 652 1333 718 jura,
1356 653 1565 718 prelatos

159 747 180 773 «
212 735 260 777 et
280 728 519 779 ministros
534 727 838 779 ecclesiarum
856 729 1068 795 ipsarum
1086 735 1428 788 manuteneret,
1453 746 1564 779 con-

159 824 180 850 «
212 810 424 855 servaret
441 821 496 855 ac
513 804 788 855 defenderet
806 822 894 856 suo
908 822 1051 871 posse
1070 812 1118 856 et
1129 806 1355 856 vassallos
1372 822 1565 855 romane

158 901 180 927 ‹
211 882 412 933 Ecclesie
423 889 586 932 contra
594 883 829 949 justiciam
845 883 1109 934 nullatenus
1123 883 1408 942 offensurus,
1422 882 1567 932 devo-

158 978 179 1004 «
212 966 287 1009 tos
295 975 350 1008 ac
365 959 528 1009 fideles
543 961 763 1020 Ecclesie,
778 961 825 1011 in
841 961 1042 1028 imperio
1054 961 1352 1020 constitutos,
1366 960 1566 1027 benigne

159 1054 180 1082 ‹
210 1041 450 1096 meteret,
479 1054 567 1087 nec
587 1055 670 1087 eos
688 1038 982 1104 opprimeret
1004 1043 1168 1088 contra
1186 1038 1443 1105 justiciam,
1465 1042 1562 1095 aut,

158 1132 179 1159 ι
210 1119 439 1179 quantum
464 1115 510 1163 in
530 1131 589 1164 eo
613 1122 755 1173 esset,
779 1131 867 1180 per
890 1115 1033 1165 alium
1057 1115 1264 1181 opprimi
1290 1114 1562 1171 sustineret,

158 1211 179 1237 ι
211 1191 292 1242 sed
326 1192 373 1241 in
407 1192 504 1242 suis
534 1192 692 1258 potius
718 1191 906 1259 juribus
939 1197 986 1241 et
1011 1192 1212 1259 justiciis
1241 1198 1562 1243 conservaret.

158 1287 178 1314 ‹
210 1270 308 1317 Hoc
339 1285 528 1335 quoque
549 1268 869 1335 juramentum
896 1274 945 1319 et
970 1268 1113 1319 etiam
1138 1268 1363 1334 primum,
1395 1285 1485 1333 pro
1509 1284 1567 1317 eo

157 1364 179 1392 ‹
210 1345 378 1395 eodem
402 1349 527 1412 Pape
546 1346 771 1396 Clementi
793 1362 882 1412 per
900 1362 1013 1397 suos
1031 1345 1239 1404 nuntios,
1263 1351 1316 1396 ut
1334 1345 1567 1411 premitti-

157 1441 178 1468 ‹
209 1427 302 1480 tur,
330 1421 578 1487 prestitum
610 1442 631 1468 ι
659 1421 785 1480 fecit,
812 1442 833 1469 ι
863 1428 1005 1488 atque
1028 1421 1273 1471 innovavit
1301 1441 1323 1468 »
1353 1426 1496 1487 prout
1515 1420 1562 1469 in

153 1498 439 1549 Clementina
457 1499 673 1558 habetur,
691 1499 895 1565 capitulo
913 1499 970 1549 ds
987 1499 1293 1563 iureiurando
1314 1514 1332 1546 .·
1352 1498 1561 1555 Romani,

148 1577 400 1641 principes.

216 1652 363 1719 Igitur
395 1652 715 1703 Paduensibus
749 1652 950 1702 Henrico
989 1669 1041 1702 se
1080 1652 1387 1702 offerentibus
1423 1658 1565 1717 atque

153 1729 549 1787 submittentibus,
578 1728 947 1780 Mediolanenses
967 1730 1109 1779 etiam
1132 1729 1194 1779 ad
1212 1728 1433 1780 eumdem
1458 1729 1565 1778 mit-

150 1812 304 1857 tentes
333 1806 663 1857 ambaxatores
689 1822 818 1865 suos,
852 1812 1246 1872 presentaverunt
1275 1806 1365 1856 sibi
1394 1805 1563 1856 civita-

150 1891 248 1935 tem
271 1901 423 1944 suam,
445 1900 554 1934 cum
571 1883 838 1934 obedientia
856 1883 1017 1934 debita
1040 1902 1050 1932 :
1074 1901 1196 1950 quos
1220 1884 1452 1934 Henricus
1478 1900 1563 1932 rex

151 1961 415 2028 benigniter
449 1960 726 2027 suscipiens,
762 1960 894 2010 dedit
930 1961 998 2010 eis
1027 1960 1152 2010 dona
1194 1961 1560 2027 quamplurima,

151 2037 312 2087 dicens
344 2037 414 2088 eis
448 2037 578 2103 quod
615 2037 663 2086 in
696 2036 829 2086 brevi
865 2036 1177 2087 Mediolanum
1206 2036 1375 2095 abiret,
1411 2042 1463 2086 ut
1500 2035 1563 2085 ibi

152 2120 475 2165 coronaretur.
509 2113 685 2163 Deinde
716 2114 970 2163 contractis
999 2113 1330 2180 undecumque
1360 2113 1559 2171 viribus,

152 2192 314 2242 statuit
346 2191 611 2243 Guidonem
647 2191 707 2240 de
740 2191 989 2240 Namurcio
1026 2191 1352 2240 marescallum
1391 2207 1559 2247 suum;

153 2268 488 2335 premissisque
510 2268 685 2318 nuntiis
700 2268 826 2333 apud
845 2267 1155 2317 Mediolanum
1174 2284 1313 2318 causa
1338 2283 1564 2334 prepara-

152 2345 309 2404 tionis,
331 2344 570 2411 profectus
585 2351 657 2394 est
673 2344 867 2403 ibidem,
891 2343 1073 2393 civibus
1085 2343 1288 2393 civitatis
1305 2343 1562 2393 honorifice

152 2421 507 2472 occurrentibus
527 2422 718 2472 obviam
737 2420 824 2470 ei¹.
847 2422 964 2471 Cum
983 2437 1098 2487 ergo
1118 2419 1295 2470 ibidem
1314 2419 1563 2470 mansisset

202 2576 235 2612 1.
256 2573 380 2611 Hem-i
399 2573 476 2611 vn
495 2573 538 2611 fit
551 2584 623 2612 son
635 2573 769 2612 enti-ee
789 2573 812 2609 a
833 2572 953 2610 Milan
972 2572 1008 2610 le
1022 2571 1068 2610 23
1082 2571 1286 2610 decembre
1302 2571 1394 2610 1310
1408 2576 1447 2609 et
1460 2582 1486 2621 y
1502 2571 1559 2608 t'ut

154 2634 352 2671 couronne
366 2643 518 2671 comme
533 2633 590 2670 roi
602 2632 670 2670 des
682 2631 896 2670 Lombards
910 2632 945 2669 le
965 2631 988 2670 6
1003 2631 1159 2680 jauvier
1177 2631 1346 2669 suivant.
1369 2630 1428 2668 Cf.
1444 2630 1559 2668 l'ffis·

154 2692 251 2730 toire
264 2691 311 2730 de
323 2692 425 2730 Jean
438 2691 485 2730 de
498 2691 729 2730 Gon-menate
749 2691 967 2739 (Muratori,
979 2696 1006 2728 t.
1023 2690 1100 2738 IX,
1120 2691 1193 2729 col.
1218 2690 1323 2738 1236)
1344 2695 1382 2728 et
1402 2690 1441 2727 la
1461 2690 1562 2727 rela-

156 2751 236 2789 tion
257 2750 303 2789 de
323 2751 495 2798 Nicolas,
510 2751 658 2800 aveque
676 2750 725 2789 de
737 2750 921 2789 Butrinto
937 2749 1065 2798 (lbid.,
1080 2750 1152 2788 col.
1169 2749 1268 2799 995),
1282 2748 1306 2786 ὲ.
1318 2748 1496 2787 clement
1513 2748 1561 2787 V.
