1838 3164
150 294 255 343 ¹326]
425 297 796 332 cunoNOGnAPuu
820 298 974 332 nmuu
998 298 1277 332 Funconml.
1482 294 1551 332 283

212 379 329 429 Cum
351 380 511 428 autem
534 376 754 428 dominus
776 377 1011 427 «lohannes
1032 377 1093 427 de
1117 377 1324 427 Hanania
1348 382 1554 428 verteret

147 456 404 506 exercitum
422 455 548 514 illuc,
575 472 662 505 rex
684 455 849 521 Anglie
873 456 962 504 hoc
985 456 1154 514 sciens,
1179 461 1371 521 sumpto
1394 471 1554 505 secum

147 532 340 582 domino
364 534 560 597 lingone
583 530 928 597 Dispensatoris
951 532 1154 597 juniore,
1185 547 1326 597 quem
1355 532 1555 581 multum

147 609 386 676 diligebat,
417 608 566 658 exivit
593 613 644 658 et
674 607 868 657 intravit
898 624 1031 658 mare
1062 609 1112 658 in
1141 609 1259 659 duas
1289 625 1433 659 naves
1466 609 1554 659 sibi

148 684 376 751 aptatas¹.
403 688 498 753 Nec
523 689 708 734 tannim
738 684 975 751 elongavit
1002 690 1195 750 portum
1224 685 1338 750 quin
1368 702 1557 751 semper

148 767 310 828 posset
331 761 495 812 videre
518 766 713 811 terram.
734 763 883 811 Porro
906 760 1128 811 dominus
1152 764 1286 827 Hugo
1309 762 1558 827 Dispensa-

148 839 266 889 toris
286 838 445 890 senior
467 838 616 888 noluit
640 838 771 888 exire
790 838 853 888 de
877 844 1052 888 castro.

213 921 405 971 Interim
432 926 610 979 autem,
638 935 747 970 cum
776 920 936 987 regina
967 936 1077 970 cum
1105 925 1209 969 toto
1238 920 1448 970 exercitu
1471 937 1557 971 suo

147 998 299 1049 abiret
310 997 559 1048 obsessum
569 997 748 1047 dictum
759 1003 986 1057 castrum,
1002 996 1234 1048 adductus
1250 1002 1323 1047 est
1340 997 1383 1046 ei
1399 1013 1558 1047 comes

146 1075 207 1126 de
218 1075 490 1133 Arundello,
506 1075 700 1140 quierat
713 1075 774 1125 de
786 1079 922 1140 parte
932 1074 1059 1141 regis
1070 1080 1118 1124 et
1132 1074 1231 1124 ibat
1245 1074 1293 1124 in
1307 1074 1556 1132 waliam’;

147 1170 242 1218 quo
257 1152 599 1218 imprisionato‚
615 1152 777 1219 regina
791 1151 979 1202 obsedit
993 1151 1173 1202 dictum
1187 1157 1394 1202 castrum
1409 1151 1559 1202 unde-

147 1246 352 1295 quaque,
380 1229 510 1295 quod
539 1229 712 1295 elapsis
734 1236 843 1280 octo
868 1228 1054 1287 diebus,
1082 1228 1306 1279 traditum
1331 1235 1404 1278 est
1427 1229 1471 1278 ei
1496 1229 1557 1278 ad

147 1306 437 1356 voluntatem
450 1307 629 1355 suam'.
646 1308 704 1356 Et
717 1306 931 1372 repperit
942 1305 1119 1355 ibidem
1134 1306 1297 1372 regina
1309 1305 1426 1355 duas
1440 1305 1559 1355 filias

146 1382 273 1449 regis
288 1382 590 1448 pauperrime
608 1382 898 1440 ordinatas⁴3
914 1380 1240 1447 adductusque
1252 1386 1327 1431 est
1341 1380 1560 1431 dominus

146 1462 282 1526 Hugo
311 1475 471 1509 coram
503 1459 667 1526 regina
695 1466 745 1509 et
770 1458 1027 1508 baronibus
1056 1464 1105 1508 et
1136 1458 1202 1508 ibi
1225 1458 1460 1525 judicatus
1487 1463 1560 1507 est

148 1535 258 1586 vehi
281 1541 330 1585 et
353 1535 596 1601 suspendi.

212 1617 499 1669 Executione
529 1622 687 1668 autem
714 1617 859 1676 facts,
892 1621 1126 1667 venerunt
1151 1615 1245 1666 due
1272 1616 1368 1666 filie
1399 1616 1560 1683 regine

148 1695 208 1746 ad
226 1711 350 1753 eam,
371 1694 508 1744 flexis
531 1694 731 1761 genibus
753 1709 859 1743 eam
883 1693 1160 1750 salutantes;
1187 1692 1360 1758 quibus
1384 1693 1560 1759 piuries

147 1771 368 1822 osculatis
398 1776 447 1821 et
477 1770 755 1837 amplexatis
785 1786 895 1820 cum
917 1769 1139 1827 lacrimis,
1166 1770 1329 1837 regins
1352 1770 1459 1820 fecit
1482 1786 1561 1820 eas

148 1848 330 1916 ingredi
346 1848 569 1898 talamum
586 1851 635 1898 et
649 1863 730 1897 eas
741 1846 901 1896 vestiri
916 1846 1202 1896 indumentis
1217 1847 1285 1897 eis
1299 1863 1561 1914 congruen-

197 2019 231 2056 1.
252 2017 314 2057 En
333 2017 438 2064 affut,
458 2007 638 2055 Edouard
658 2015 697 2054 11
715 2015 972 2064 s'‚embarqua
987 2018 1186 2063 comptam.
1206 2014 1398 2053 atteindre
1419 2014 1558 2063 Lundy

149 2076 248 2116 dans
268 2075 423 2125 l'espoir
440 2075 474 2113 d'
476 2086 503 2125 y
521 2080 681 2113 trouver
700 2085 754 2111 un
775 2073 922 2123 refuge.

196 2136 315 2175 2120
345 2135 407 2174 mu
441 2135 531 2173 asne
561 2134 585 2172 d
589 2133 777 2172 ’Edmond
810 2133 1005 2181 Fauian,
1038 2137 1166 2172 comte
1197 2132 1222 2170 d
1226 2130 1433 2180 'Au-undel,
1464 2132 1560 2170 etait

150 2194 295 2245 gendre
320 2194 368 2232 de
392 2193 556 2243 Hugues
582 2193 617 2230 le
643 2192 860 2242 Depensier
883 2192 920 2229 le
943 2191 1019 2229 fils.
1040 2192 1095 2229 Le
1122 2196 1250 2229 comte
1268 2189 1483 2229 d'Arundsl
1503 2191 1559 2228 fut

150 2252 311 2303 capture
330 2252 429 2291 dans
448 2252 484 2289 le
509 2250 745 2300 Shropshire
765 2257 803 2290 et
823 2251 938 2288 mene
963 2250 1108 2288 devant
1130 2250 1167 2287 la
1186 2249 1295 2288 reine
1312 2249 1337 2286 εὶ
1354 2248 1556 2287 Hereford.

149 2312 184 2351 11
201 2312 260 2350 fut
278 2311 354 2350 mis
372 2312 395 2350 ὲ
408 2316 511 2350 mort
525 2311 560 2348 le
575 2311 619 2357 17
635 2310 847 2349 novembre
859 2309 957 2347 dans
970 2314 1073 2348 cette
1089 2309 1196 2348 ville.
1213 2308 1355 2357 (Leslie
1369 2308 1559 2357 Stephon,

150 2373 365 2419 Dictionarv
383 2372 428 2418 os
438 2373 612 2408 mium
631 2370 847 2417 bioqraphy,
871 2369 947 2407 vol.
969 2367 1087 2416 XIX,
1107 2379 1144 2418 p.
1165 2369 1240 2415 88.)

199 2431 235 2469 3.
255 2431 312 2469 La
333 2429 426 2469 ville
452 2429 500 2468 de
527 2429 687 2477 mistel,
713 2428 910 2467 favorable
938 2428 962 2465 a
986 2428 1026 2466 la
1052 2428 1176 2476 ruine,
1201 2428 1310 2478 force
1334 2428 1498 2477 Hugues
1524 2428 1560 2466 le

149 2490 368 2540 Depensier
386 2490 422 2527 le
440 2491 532 2539 pere
551 2489 576 2527 ὰ
594 2500 637 2527 se
657 2489 811 2536 rendre,
833 2489 868 2526 le
892 2489 939 2527 25
957 2488 1115 2526 octobre
1136 2487 1240 2526 1326.
1263 2487 1296 2526 11
1317 2488 1377 2526 fut
1396 2488 1560 2526 execute

153 2550 188 2587 le
208 2549 443 2588 lendemain.
464 2548 608 2593 (Lsslie
630 2548 820 2598 Stephon,
846 2550 1066 2595 Dictionary
1084 2549 1130 2594 ot·
1146 2550 1318 2586 natione!
1337 2548 1557 2595 bioqraphy,

152 2609 230 2647 vol.
251 2607 364 2655 XIV,
383 2619 422 2657 p.
443 2608 547 2651 ⁴¹5.)

200 2667 236 2705 1.
255 2667 356 2705 Jean
384 2667 420 2705 le
446 2666 520 2705 Bel
545 2672 585 2706 et
613 2666 806 2706 Froissart
833 2670 1053 2714 racontant,
1080 2677 1131 2704 en
1157 2666 1263 2712 erret,
1284 2676 1360 2715 que
1380 2666 1437 2703 les
1455 2664 1557 2703 deux

153 2726 254 2764 filies
280 2716 497 2765 d'ssdouard
525 2726 564 2764 11
587 2726 734 2765 etaient
755 2726 779 2764 ὃ,
807 2726 950 2766 Bristol
979 2737 1070 2764 sous
1095 2726 1132 2763 la
1155 2725 1272 2774 garde
1296 2724 1494 2773 d’nuguss
1525 2724 1558 2761 le

155 2785 371 2834 Depensier
389 2785 424 2822 le
442 2785 547 2833 pere.
