1838 3164
119 242 223 289 1303]
394 245 764 280 ΟΗΙΙΟΝΟῦΒΑΡΗΙΑ
788 246 942 280 amun
966 245 1244 280 runconuu.
1451 243 1517 280 135

115 324 290 391 Deinde
313 324 440 375 idem
464 325 722 391 Philippus,
742 325 978 376 Jobannes
1003 324 1063 374 de
1085 325 1351 383 Namurcio‚
1373 325 1520 376 trater

114 401 231 466 ejus,
254 407 303 450 et
326 418 493 452 eorum
511 402 680 453 milicia
701 407 844 467 atque
870 400 1095 467 Flamingi
1118 418 1240 466 quos
1265 401 1517 458 ducebant,

113 477 386 528 recedentes
409 495 464 528 ac
487 495 576 545 per
598 483 749 528 totam
773 477 976 543 patriam
994 477 1055 526 de
1075 478 1354 528 Tornacesio
1376 478 1520 528 deba-

113 554 321 615 chantes,
348 559 609 606 Turnacum
631 560 853 621 potenter
874 553 1214 604 obsederunv.

178 632 355 692 Quibus
406 632 583 683 civitati
634 630 1115 697 apropinquantibus‚
1170 631 1524 695 prenominatus

114 709 412 759 marescallus
435 725 543 760 cum
567 708 666 758 suis
689 707 957 758 hominibus
981 723 1224 757 armorum
1246 713 1295 756 et
1317 708 1523 757 maxima

113 784 409 835 multitudine
442 784 615 835 civium
647 791 938 835 armatomm
972 783 1157 834 insimul
1191 783 1381 834 obviam
1415 800 1523 849 per-

113 866 295 926 gentes,
322 866 488 911 contra
513 877 597 911 eos
622 861 846 911 audacter
865 864 1220 928 pugnaverunt;
1248 859 1332 910 sed
1356 876 1523 926 super-

113 937 328 988 veniente
356 938 683 988 innumerabili
708 937 1005 989 multitudine
1029 937 1395 1003 Flamingorum,
1424 937 1524 988 Fla-

111 1013 257 1080 mingi
301 1030 410 1064 cum
456 1015 556 1065 suis
602 1015 792 1065 aciebus
833 1015 882 1064 in
923 1018 1243 1064 'tornacenses
1291 1013 1523 1079 impetum

112 1089 350 1150 facientes,
377 1091 509 1156 ipsos
531 1108 559 1141 a
581 1107 751 1157 campo
779 1090 1038 1157 repellunt:
1063 1089 1225 1155 sicque
1258 1090 1523 1141 necessario

113 1167 411 1219 retrocedere
433 1169 600 1228 coacti,
622 1168 683 1219 ad
706 1167 944 1219 civitatem
968 1167 1229 1219 accelerant
1252 1172 1302 1218 et
1324 1167 1373 1218 in
1397 1167 1524 1219 illam

113 1245 359 1304 intrantes,
386 1250 549 1310 portas
578 1245 850 1296 munierunt
876 1244 1029 1295 firmis
1056 1243 1292 1310 repagulis
1321 1250 1370 1295 et
1398 1244 1526 1295 clau-

114 1321 284 1371 suris’.

178 1396 402 1463 Flamingi
435 1414 550 1447 vero
583 1397 743 1447 statim
775 1396 1112 1447 distribuentes
1142 1412 1195 1447 se
1226 1412 1313 1462 per
1342 1402 1524 1447 turmas

111 1478 159 1522 et
183 1488 272 1539 per
293 1473 506 1524 diversas
535 1480 696 1539 partes
721 1474 768 1524 in
792 1474 987 1524 cirmini
1012 1490 1065 1524 se
1089 1474 1314 1532 locantes,
1339 1474 1523 1539 ingenia

113 1568 199 1602 sua
231 1551 395 1601 bellica
424 1556 474 1601 et
503 1552 734 1617 petrarias
765 1567 876 1600 suas
908 1556 1164 1601 emxerunt
1193 1556 1302 1600 ante
1337 1566 1520 1601 muros.

112 1627 247 1687 Quod
272 1632 323 1677 ut
346 1627 579 1692 comperit
601 1643 688 1677 rex
712 1630 1000 1677 Francorum
1024 1625 1283 1692 Philippus,
1301 1631 1353 1676 et
1374 1625 1524 1676 eciam

113 1703 173 1753 ad
193 1703 295 1770 ejus
318 1703 539 1753 noticiam
561 1703 777 1769 pervenit
797 1702 926 1768 quod
943 1702 1054 1768 quia
1072 1702 1269 1753 nimium
1292 1702 1524 1768 populosa

114 1787 232 1840 erat,
265 1797 486 1848 magnam
514 1780 652 1831 famis
674 1780 939 1847 angustiam
962 1780 1260 1846 patiebantur
1283 1780 1331 1830 in
1358 1779 1526 1831 eadem

113 1863 311 1925 propter
333 1858 618 1925 flamingos,
647 1858 728 1923 qui
750 1857 820 1908 sic
837 1857 960 1908 vallo
981 1856 1396 1907 circumdederunt
1419 1872 1526 1907 eam

113 1934 241 2000 quod
267 1935 456 2001 penitus
474 1935 535 1986 ab
555 1935 647 1985 ulla
665 1941 800 2000 parte
820 1934 881 1984 ad
901 1950 1007 1985 eam
1026 1933 1243 1983 victualia
1267 1933 1525 1999 nequibant

115 2011 383 2077 pervenire,
412 2027 584 2079 magno
615 2012 778 2061 furore
808 2011 1036 2077 repletus,
1064 2027 1178 2060 mox
1208 2016 1261 2061 ut
1292 2011 1525 2076 prefatam

112 2184 222 2233 joui-s
240 2182 375 2221 d'avril
396 2182 501 2222 ¹³⁰³.
515 2183 740 2231 (offerensque
758 2184 976 2228 numanae,
994 2194 1032 2231 p.
1053 2182 1139 2230 237,
1160 2193 1200 2220 n.
1218 2182 1330 2231 l.)—-
1343 2195 1360 2217 ι
1378 2182 1528 2222 Domu-

118 2257 134 2279 ι
157 2248 290 2283 autem
308 2253 446 2284 omnes
464 2243 543 2283 tem
562 2242 665 2282 dicta
686 2243 791 2290 ville,
810 2254 902 2281 cum
924 2242 1040 2281 tectis
1066 2242 1233 2280 turrium
1251 2248 1291 2280 et
1310 2248 1526 2291 portatum,

119 2316 136 2338 ι
157 2307 406 2342 concremate
420 2307 514 2341 aunt
526 2306 566 2341 et
586 2302 720 2341 omnia
739 2302 843 2341 bona
859 2301 1063 2352 predata...
1083 2315 1099 2337 ι
1118 2302 1155 2350 (Δ
1162 2304 1293 2340 unam
1305 2302 1523 2347 eandam,

116 2360 247 2407 Pertz,
270 2359 485 2408 Scriptores,
506 2366 536 2399 t.
557 2361 674 2409 XVI,
694 2373 730 2410 p.
754 2362 850 2407 574.)

167 2421 200 2457 1.
222 2420 298 2458 Les
334 2419 544 2458 Flamands
574 2420 719 2459 mitent
752 2420 787 2458 le
826 2420 931 2468 siege
962 2419 1105 2458 devant
1136 2419 1308 2458 Toumai
1338 2430 1388 2458 au
1426 2420 1526 2459 mois

117 2478 246 2518 d‘aout
267 2479 371 2519 1303.
398 2499 447 2508 —
466 2493 483 2516 a
506 2479 554 2518 In
572 2491 650 2530 qua
669 2485 783 2519 erant
808 2479 979 2517 solidarii
1004 2479 1119 2527 regis,
1143 2478 1285 2517 Franci
1308 2479 1438 2528 pauci,
1458 2481 1526 2518 sed

120 2552 137 2574 ι
158 2537 365 2576 Lombardi
390 2538 540 2588 equites
566 2543 607 2578 et
637 2539 803 2589 Hispani
830 2538 997 2588 pedites,
1027 2538 1094 2587 qui
1125 2543 1317 2576 vocantur
1339 2538 1524 2586 Bedauri,

121 2611 138 2632 α
159 2597 448 2646 quamplurimi.
474 2611 491 2633 ι
514 2598 687 2645 (Annales
713 2599 931 2640 Gemmas,
955 2597 1084 2644 Pom,
1109 2597 1324 2644 Scriptores,
1353 2603 1381 2634 t.
1410 2597 1524 2644 XVI,

167 2714 203 2752 2.
226 2714 300 2751 Les
314 2715 475 2751 Annales
492 2715 695 2752 candum
710 2720 799 2752 sont
817 2718 986 2752 muettes
1004 2725 1071 2752 sur
1090 2718 1150 2753 cet
1171 2713 1324 2763 episode
1338 2714 1390 2752 du
1402 2714 1520 2763 siege.
