1838 3164
318 252 362 290 24
483 247 486 250 ’
589 245 957 283 cuRONOGRAPmA
987 242 1138 277 REGUH
1164 241 1443 276 muconuu.
1496 234 1719 284 [nm-¹2⁸5

317 333 549 383 racionem
567 324 923 395 possidendum*
940 341 953 382 ;
971 322 1085 373 dum
1101 329 1257 371 tamen
1274 319 1640 386 cmcesignnws,
1659 317 1719 367 ad

314 410 485 459 dictam
510 411 685 455 terram
709 419 860 460 suam,
887 418 996 451 cum
1019 399 1228 450 exercitu
1252 402 1471 464 pergeret
1494 402 1543 445 ct
1568 396 1720 461 ipsam

314 481 627 550 expugnando
660 479 875 530 eamdem
913 477 1002 527 sibi
1030 477 1259 542 eriperet,
1292 472 1449 523 dando
1479 477 1527 522 ct
1556 488 1722 522 conoe-

315 560 471 612 dendo
501 562 714 625 pretacto
748 555 849 622 regi
885 554 1099 619 Philippo
1130 552 1361 602 decimam
1393 564 1538 614 super
1574 548 1721 598 eccle-

315 638 455 696 siam,
487 635 547 684 ad
577 649 769 684 suarum
795 631 1094 698 propriarum
1124 643 1440 695 expensarum
1462 624 1723 675 alleviocio-

315 730 441 772 nem,
463 717 510 762 et
529 712 675 761 eciam
699 708 787 758 sibi
811 714 857 758 et
876 723 1035 757 secum
1052 705 1335 772 profecturis
1355 702 1723 770 penitenciamm

314 790 570 856 plenariam
593 786 941 838 absolucionem
965 782 1337 849 promittend02.

379 866 466 926 Qui
475 865 670 931 legatuS,
685 859 973 927 predicando
987 875 1148 908 coram
1158 874 1270 924 rege
1283 857 1486 907 Par-isius
1495 856 1556 906 de
1565 860 1724 906 unct·

315 959 452 992 cruce
489 940 738 998 sumenda,
776 937 929 987 crucis
965 936 1053 985 sibi
1092 935 1224 984 afixit
1259 932 1550 1001 signaculum
1585 930 1726 982 semi-

315 1021 514 1071 rubrum
525 1024 575 1069 et
587 1017 907 1068 semialbum⁸.
921 1019 1023 1076 Quo
1036 1015 1333 1073 adhortante,
1347 1030 1431 1063 rex
1443 1013 1544 1079 ipse
1555 1011 1727 1078 Philip-

316 1115 404 1163 pus
439 1103 487 1146 et
519 1096 615 1146 duo
651 1095 731 1144 filii
761 1096 879 1158 ejus,
907 1092 1148 1157 Philippus
1178 1096 1227 1140 et
1255 1091 1471 1148 Karolus,
1498 1090 1574 1139 cui
1600 1091 1725 1155 Pup·

315 1174 508 1224 dederat
532 1187 731 1239 regnum
756 1169 1029 1236 Arragonie,
1058 1167 1170 1218 illud
1199 1167 1389 1234 signum
1413 1170 1580 1216 Sancte
1609 1167 1727 1216 Cu!-

315 1251 382 1299 cis
425 1249 568 1298 modo
613 1246 843 1297 consimili
888 1250 1198 1310 acceperunt,
1242 1260 1332 1310 pro
1373 1242 1727 1309 expugnadmc

315 1326 426 1375 dicti
461 1324 586 1374 Petri
621 1322 961 1389 Arragonensis
993 1321 1143 1387 regis,
1176 1321 1311 1371 multi
1342 1320 1491 1369 eciam
1521 1335 1629 1369 cum
1656 1318 1728 1369 ein

316 1402 571 1468 principeS,
600 1401 765 1466 prelati
794 1405 843 1448 et
867 1399 1027 1465 plures
1051 1398 1126 1447 alii
1147 1398 1233 1447 viri
1259 1396 1435 1464 magni,
1458 1396 1558 1446 zelo
1578 1395 1728 1446 ecclo-

315 1478 382 1527 sie
412 1477 610 1534 accensi,
644 1476 813 1525 intuitu
842 1473 1011 1540 prefati
1042 1473 1168 1539 regis
1201 1473 1383 1531 Karoli,
1414 1477 1728 1539 cognomento

315 1553 494 1604 Claudi.
517 1557 644 1603 Tunc
666 1552 816 1602 eciam
839 1550 1078 1616 predicata
1102 1556 1175 1599 est
1195 1566 1315 1599 crux
1333 1549 1427 1608 illa,
1450 1546 1729 1599 auctu-itite

315 1630 584 1696 apostolica,
615 1630 676 1679 ab
706 1627 999 1695 adjutoribus
1028 1626 1241 1693 ejusdem
1271 1626 1521 1676 cardinalis
1548 1625 1728 1676 domini

313 1707 536 1758 Johannis
563 1707 747 1764 Cholet,
780 1704 944 1771 legati,
980 1719 1170 1769 quoque
1199 1703 1334 1752 multi
1363 1702 1546 1753 nobiles
1573 1708 1622 1752 et
1650 1701 1727 1752 alii

314 1784 373 1834 de
407 1784 619 1842 Francia,
660 1782 890 1838 Hanonia,
924 1780 1222 1846 Lotharingia
1256 1786 1305 1830 et
1334 1779 1436 1828 aliis
1462 1779 1604 1828 tet-ris
1633 1778 1728 1829 eir-

313 1861 602 1926 cumvicinis,
630 1860 719 1909 sibi
745 1863 1007 1924 pretactum
1031 1857 1184 1906 crucis
1209 1857 1397 1924 signum
1422 1857 1691 1907 affixerunt.

379 1939 512 1988 Anno
530 1936 713 1986 Domini
732 1943 787 1984 κο
806 1934 883 1985 cc⁰
900 1933 1049 1984 nxxx⁰
1065 1934 1133 1992 ν’,
1156 1934 1415 2000 Philippus,
1440 1937 1727 1984 Francorum

364 2074 398 2108 1.
419 2072 476 2109 La
495 2071 598 2109 hulle
617 2081 688 2119 par
707 2068 872 2119 laquelle
895 2068 931 2106 le
950 2067 1125 2106 cardinal
1142 2068 1246 2106 Jean
1259 2068 1398 2106 Cholet
1411 2068 1469 2106 fut
1481 2068 1626 2117 charge
1637 2067 1728 2108 d'ot·

316 2130 384 2166 frir
403 2130 426 2166 a
445 2130 607 2167 Charles
625 2129 672 2166 de
688 2128 824 2165 Valois
838 2127 875 2164 la
891 2137 1090 2164 couronne
1103 2127 1300 2176 d’Aragon
1314 2132 1374 2165 est
1387 2126 1439 2164 du
1452 2127 1500 2165 26
1513 2128 1606 2164 tout
1620 2127 1728 2166 1283.

363 2188 398 2225 2.
419 2187 542 2227 Outre
562 2188 599 2225 la
618 2187 769 2226 decime
786 2197 837 2224 en
855 2186 1023 2234 France,
1043 2186 1079 2224 le
1098 2197 1195 2235 pape
1221 2185 1387 2225 accorda
1407 2201 1426 2222 ι
1447 2186 1486 2223 la
1503 2186 1654 2225 decime
1678 2186 1727 2225 de

315 2253 452 2297 quatre
471 2259 542 2285 ans
561 2259 630 2284 sur
647 2247 705 2285 les
717 2252 843 2284 terres
855 2245 1054 2294 d'empire,
1069 2245 1159 2283 saus
1167 2245 1265 2283 dans
1284 2246 1342 2283 les
1358 2245 1536 2284 diocese·
1547 2244 1596 2283 de
1608 2244 1728 2284 Cum-

314 2307 398 2344 brai
417 2309 466 2344 οὺ
486 2318 537 2344 on
556 2306 674 2344 levait
692 2315 835 2344 encore
853 2305 893 2342 la
915 2304 1019 2342 dime
1047 2305 1159 2343 votea
1189 2315 1260 2353 par
1286 2305 1322 2342 le
1347 2305 1498 2343 concile
1525 2304 1573 2342 de
1600 2305 1727 2355 Lyon,

315 2365 430 2402 d'Aix
448 2370 486 2402 et
505 2363 672 2413 d’Arles‚
687 2368 842 2412 proptor
859 2366 1087 2401 necessitates
1105 2366 1214 2410 reym·
1238 2363 1378 2401 Sicilie.
1401 2377 1418 2398 ι
1443 2362 1602 2410 (Ch.-V.
1622 2362 1727 2401 Lan-

316 2424 428 2472 glois,
448 2427 479 2461 lo
496 2426 611 2471 Reque
626 2426 668 2461 dc
687 2425 856 2471 Philippo
874 2424 934 2461 ΙΙΙ
948 2426 982 2461 lo
999 2424 1134 2467 Bardi,
1156 2434 1194 2471 p.
1217 2423 1316 2465 148.)

363 2483 399 2520 3.
419 2483 453 2519 Il
472 2488 530 2520 est
546 2483 727 2530 probahle
746 2493 822 2532 que
842 2482 936 2520 c'est
954 2482 978 2519 a
996 2481 1034 2519 la
1051 2482 1106 2519 fin
1125 2481 1172 2519 de
1191 2481 1334 2520 few-ier
1351 2492 1426 2530 que
1439 2486 1542 2518 cette
1555 2479 1727 2529 predia-

316 2541 400 2578 tion
418 2540 475 2578 fut
495 2540 602 2588 faite,
622 2541 646 2578 ὲ.
664 2542 702 2578 la
721 2541 822 2579 suite
841 2540 889 2578 de
907 2540 1148 2578 l’assemhlee
1169 2540 1305 2578 reunie
1323 2541 1347 2577 ὁ,
1368 2540 1480 2577 Paris
1499 2540 1567 2589 qui
1589 2537 1728 2577 decide

316 2599 585 2647 l’acceptation
603 2600 654 2636 du
673 2600 762 2646 don,
785 2611 860 2649 que
883 2600 920 2638 le
939 2610 1036 2648 pape
1061 2599 1223 2636 faisait
1209 2610 1232 2636 a
1252 2599 1415 2636 charles
1434 2599 1482 2637 de
1501 2597 1654 2646 moin,
1671 2595 1724 2634 du

317 2667 503 2706 royaume
522 2657 557 2694 d’
560 2658 732 2706 Aragon.
755 2658 802 2695 D'
806 2658 963 2695 ailiam-s
982 2657 1036 2695 M.
1052 2656 1124 2694 Ch.
1129 2657 1199 2694 -V.
1215 2657 1399 2706 Langlois
1413 2662 1568 2695 montre
1586 2658 1636 2704 (p.
1655 2655 1720 2693 151

318 2721 358 2753 et
378 2716 456 2764 152)
476 2727 550 2764 que
568 2722 675 2755 toute
700 2718 854 2755 l’annee
874 2717 963 2755 128⁴
986 2716 1044 2754 fut
1068 2718 1279 2755 consacree
1298 2719 1322 2754 a
1340 2721 1442 2755 cette
1465 2714 1722 2765 predmtion.
