1838 3164
0 1030 26 1269 ξ

87 308 191 356 1302]
360 312 730 347 cunonocmrnu
755 312 908 346 naemu
933 311 1212 346 choauu.
1417 309 1483 346 119

83 390 365 457 colloquium
394 391 606 457 prefixis,
634 390 763 441 misit
791 406 883 456 pro
911 396 1048 456 parte
1077 392 1147 442 sui
1178 390 1482 450 Ludovicum,

78 467 275 518 'li-atrem
290 484 446 535 suum,
465 467 687 519 comitem
704 465 1051 530 Ebroycensem
1066 485 1079 524 ;
1099 483 1127 515 e
1141 483 1371 516 converso
1386 466 1487 517 Fla-

80 545 225 612 mingi
243 545 473 595 miserunt
495 560 584 611 pro
601 542 718 609 ipsis
734 541 1029 592 Guillelmum
1054 542 1114 591 de
1131 543 1329 593 Julioeo.

142 620 406 671 Ludovicus
443 636 559 671 vero
589 618 722 685 petiit
750 616 880 684 quod
917 616 982 667 illi
1015 617 1096 682 qui
1127 617 1254 667 illam
1284 634 1487 684 nequam

79 697 402 763 prodicionem
411 695 580 763 Brugis
589 694 814 753 fecerant,
827 694 928 760 regi
938 693 1238 743 traderentur
1245 694 1306 743 ad
1317 694 1488 744 facien-

79 774 190 825 dam
222 773 510 824 voluntatem
548 787 707 830 suam,
744 775 794 820 et
821 774 1053 836 quantum
1086 775 1159 819 est
1190 769 1251 819 de
1284 769 1375 819 illis
1406 771 1487 835 qui

81 850 245 901 ultime
279 848 452 899 mortui
484 854 619 899 erant
654 847 703 897 in
736 847 859 897 bello
892 846 1125 906 Curti-aci,
1162 863 1248 896 rex
1281 846 1482 896 tacebat.

77 926 299 992 Flamingi
321 942 438 976 vero
468 925 528 976 ad
553 924 789 992 prefatum
816 923 1113 976 Guillelmum
1138 923 1487 989 responderunt

77 1003 204 1071 quod
235 1002 374 1053 nichil
404 1002 514 1052 inde
544 1002 750 1053 facerent
782 1018 869 1052 nec
891 1018 1039 1052 unum
1063 1001 1217 1052 solum
1247 1000 1487 1051 hominem

76 1080 166 1133 sibi
197 1079 456 1139 traderent,
485 1079 570 1130 sed
600 1085 764 1130 eontra
794 1095 903 1130 eum
933 1083 982 1129 et
1007 1094 1148 1128 omne
1175 1094 1319 1145 posse
1347 1094 1486 1129 suum

76 1157 286 1209 breviter
303 1163 588 1224 pugnarent.

140 1238 267 1286 Tunc
291 1234 476 1295 finitum
498 1240 572 1285 est
595 1234 939 1300 parlamentum
962 1240 1011 1283 et
1036 1237 1236 1300 uterque
1266 1250 1486 1284 reversus

76 1317 148 1363 est
169 1311 231 1364 ad
257 1311 519 1362 exercitum
542 1328 709 1371 suum;
736 1311 989 1377 statimque
1013 1311 1201 1360 vocavit
1223 1310 1346 1376 [rex]
1374 1328 1486 1361 con-

75 1388 272 1439 siliarios
290 1405 402 1439 suos
424 1395 473 1439 et
495 1389 615 1439 dixit
644 1407 654 1438 :
683 1408 704 1436 ‹
731 1392 832 1456 Ego
856 1405 963 1439 sum
981 1388 1220 1438 advisatus
1238 1404 1385 1454 super
1402 1388 1486 1438 ali-

78 1483 99 1511 «
124 1481 244 1530 qua;
266 1465 428 1515 redeat
446 1465 640 1531 quilibet
666 1470 715 1515 et
737 1464 874 1515 faciat
891 1464 1058 1515 melius
1076 1481 1219 1530 quam
1239 1464 1430 1530 poterit.
1459 1485 1480 1511 ι

74 1541 208 1601 Quod
233 1540 492 1601 audientes,
519 1541 688 1608 singuli
719 1541 957 1607 principes
986 1557 1108 1591 unus
1137 1541 1337 1591 alterum
1364 1541 1485 1591 mul-

19 1674 22 1679 ,
72 1623 176 1668 tum
198 1617 439 1676 mirantes,
468 1635 554 1668 nec
578 1618 699 1669 ullus
723 1634 864 1668 ausus
880 1624 953 1667 est
974 1616 1189 1682 proferre
1206 1617 1406 1667 verbum
1423 1617 1483 1666 ad

15 1735 22 1747 Α,
73 1693 403 1759 inquirendam
433 1694 741 1745 intentionem
769 1694 914 1760 regis,
948 1700 1111 1760 preter
1133 1694 1355 1744 comitem
1383 1694 1484 1744 Bri-

17 1770 19 1775 ⁴
74 1770 248 1830 tannie,
267 1771 348 1836 qui
366 1771 495 1820 venit
513 1771 561 1820 in
579 1771 789 1822 medium
807 1776 856 1820 et
873 1770 992 1821 dixit
1009 1789 1018 1820 :
1037 1790 1059 1818 ‹
1075 1771 1272 1821 Domine
1291 1771 1357 1821 mi
1375 1788 1479 1830 rex,

0 1851 5 1863 l

0 1871 21 1994 ξ

0 1984 23 2100 ἑ

13 2699 17 2722 „‚
4 2662 27 2690 »ἐξ
0 2402 23 2650 ’ἐν’,ὂν-«Μθνᾶ
3 2330 20 2383 a'ae‘
0 2210 23 2319 &uk-“³⁹

18 1871 19 1874 ¹
77 1866 99 1895 ι
129 1846 169 1897 si
194 1846 349 1896 nolitis
371 1846 643 1898 deffendere
667 1853 844 1897 terram
869 1852 1094 1906 vestram,
1124 1848 1231 1913 quis
1255 1848 1484 1914 pugnabit

0 1943 15 1955 =·
77 1943 99 1971 ι
122 1940 218 1991 ,pro
242 1924 327 1974 ea?
356 1927 457 1973 Non
488 1925 603 1990 ego!
646 1944 667 1970 ι
699 1924 781 1974 Cui
812 1923 1058 1989 respondit
1089 1940 1174 1973 rex
1210 1941 1221 1972 ε
1259 1943 1280 1969 ι
1316 1925 1484 1975 Comes

72 2075 119 2114 de
142 2074 329 2114 memoire
356 2075 546 2114 financier
571 2075 701 2124 redige
726 2086 796 2125 par
822 2075 1033 2126 quelqu'un
1058 2075 1106 2114 de
1132 2076 1169 2114 la
1194 2075 1388 2115 chambre
1415 2076 1482 2115 des

73 2139 261 2185 comptos,
280 2134 456 2174 donnera
475 2135 510 2173 le
530 2135 646 2173 motii¹
666 2134 837 2184 qu'avait
856 2135 892 2172 le
911 2134 969 2173 roi
988 2134 1035 2172 de
1062 2135 1253 2173 chet-cher
1270 2135 1294 2172 a
1314 2136 1450 2174 traiter
1473 2152 1480 2173 ι

74 2207 92 2231 ιι
111 2194 211 2234 Item
238 2205 334 2233 vous
365 2193 484 2233 devea
513 2194 643 2233 saveir
671 2205 747 2244 que
774 2194 867 2232 nule
895 2194 1013 2232 chose
1039 2204 1114 2243 que
1146 2195 1223 2233 l'en
1252 2195 1307 2233 ait
1334 2195 1358 2232 a
1385 2196 1483 2244 fere,

76 2265 93 2290 ι
115 2264 165 2291 ne
185 2263 227 2292 se
245 2259 337 2303 puet
357 2254 436 2292 fere
455 2265 531 2304 que
551 2254 625 2292 elle
652 2254 726 2292 soit
752 2253 843 2292 bien
868 2253 960 2301 sete,
982 2264 1024 2291 se
1050 2254 1077 2290 il
1103 2254 1203 2292 n’est
1227 2254 1372 2292 ordene
1398 2261 1486 2294 tant

24 2326 42 2356 χ
76 2325 94 2348 ι
115 2323 266 2352 comme
285 2313 359 2351 elle
378 2323 420 2351 se
440 2313 524 2351 face
536 2325 546 2357 ;
567 2318 606 2350 et
626 2313 650 2349 a
669 2323 714 2350 ce
734 2312 829 2359 fere,
850 2312 932 2350 saut
951 2323 1199 2361 pourveance
1220 2319 1259 2350 et
1279 2314 1483 2363 especiau-

77 2384 94 2406 ι
114 2375 224 2410 ment
239 2381 290 2409 en
309 2371 362 2409 fet
380 2371 427 2408 de
446 2381 597 2420 guerre.
614 2370 715 2408 Item
730 2381 826 2408 vous
839 2380 932 2408 avez
951 2370 1042 2408 hieu
1058 2380 1132 2408 veu
1146 2381 1299 2409 comme
1312 2372 1336 2409 a
1349 2377 1482 2411 nostre

75 2442 92 2465 ι
115 2429 298 2479 seigneur
316 2430 352 2467 le
371 2430 460 2480 Roy
478 2440 530 2469 en
548 2435 608 2468 est
627 2430 727 2468 eheu
748 2435 787 2467 et
806 2429 885 2479 pris
906 2440 931 2466 n
951 2430 1103 2468 saisons
1123 2435 1162 2468 et
1181 2441 1256 2478 que
1276 2430 1305 2468 il
1322 2431 1337 2469 i
1357 2443 1381 2469 a
1405 2432 1481 2469 mis

75 2503 93 2525 ι
115 2494 153 2527 et
171 2489 370 2539 despendu
390 2500 483 2527 sanz
503 2489 588 2528 rien
607 2489 702 2536 rere,
724 2500 821 2538 pour
834 2489 937 2527 faute
957 2488 1003 2526 de
1020 2489 1237 2528 ordenance
1250 2496 1289 2528 et
1302 2490 1350 2528 de
1367 2502 1480 2540 pour-

75 2561 92 2584 «
114 2558 261 2586 veance
297 2554 336 2586 et
365 2558 558 2598 parceque
589 2548 613 2586 ὲ
644 2548 842 2586 chascune
875 2547 949 2585 foiz
982 2548 1059 2585 l'ou
1092 2559 1115 2585 a
1147 2550 1389 2587 commencie
1423 2550 1480 2588 les

75 2619 93 2641 α
114 2605 319 2654 besoignes
338 2610 424 2655 trop
442 2611 519 2644 tart
537 2611 577 2644 et
596 2606 719 2656 prises
737 2606 966 2644 lentement.
981 2606 1032 2644 Et
1051 2612 1135 2644 tout
1149 2618 1199 2645 en
1214 2607 1296 2646 cele
1315 2609 1479 2648 meisme

75 2677 92 2701 ι
114 2664 287 2702 muniere
307 2665 346 2702 la
364 2669 478 2714 prent
496 2665 574 2704 l'on
593 2665 840 2704 maintenant
858 2678 866 2702 ε
883 2677 927 2704 ce
948 2671 1007 2704 est
1026 2665 1049 2702 a
1064 2666 1194 2704 saveir
1207 2667 1421 2706 lentement
1440 2674 1479 2706 et

77 2736 95 2758 ιι
115 2728 200 2772 trop
225 2727 302 2760 tart
327 2728 367 2760 et
391 2722 471 2761 doit
495 2729 633 2763 autaut
657 2724 794 2763 envier
813 2725 851 2762 la
876 2725 995 2763 honte
1022 2736 1173 2764 comme
1193 2725 1220 2763 li
1240 2725 1435 2775 damage&
1462 2742 1477 2762 ι

78 2780 212 2828 (Areh.
235 2787 334 2829 nat.,
352 2782 378 2819 J
399 2782 505 2830 1030,
524 2782 632 2831 piace
651 2783 712 2830 65,
732 2784 987 2831 parchemin.)
