1838 3164
122 285 226 333 1316]
390 286 761 320 ΟΗΒΟΝΟῢΒΑΡΗΙΑ
786 285 939 318 mula
963 284 1243 320 mucclam.
1451 279 1518 317 23¹

119 365 314 424 dinales‚
334 380 554 414 reversus
570 369 642 413 est
659 368 858 428 propter
875 367 1078 411 mortem
1097 362 1254 412 fratris
1269 361 1360 411 sui.
1376 364 1523 412 Porro

119 441 376 492 cardinales
411 455 698 506 quamquam
733 437 895 487 tristes
924 444 972 486 et
1005 438 1154 496 inviti,
1188 438 1526 487 commiserunt

118 519 394 569 electionem
418 516 604 567 duobus
627 515 688 565 de
712 514 903 579 ipsimet
923 514 1146 564 tratribus
1169 532 1180 563 :
1203 515 1285 579 qui
1310 514 1406 564 duo
1431 514 1526 564 ele-

118 602 288 662 gerunt
318 594 620 651 cardinalem,
647 590 1010 641 Avinionensem
1039 591 1297 657 vulgariter
1326 591 1529 648 dictum,-

119 679 280 723 natum
320 672 380 722 de
415 668 721 726 Caturioesio,
762 667 950 717 nomine
988 667 1316 732 Raymondum
1355 670 1522 718 Hosse.

118 749 317 807 Deinde,
359 747 476 814 ipsis
517 745 828 796 clamantibus
869 743 999 810 quod
1041 746 1215 810 Papam
1256 744 1522 810 elegissent,

118 830 281 892 aperta
306 830 414 875 sunt
438 822 589 874 hostia
626 828 675 871 et
710 821 894 871 delatus
925 827 999 871 est
1032 823 1158 887 Papa
1188 819 1250 869 ad
1283 820 1526 870 ecclesiam

118 907 256 953 Beate
285 901 442 956 Maric,
472 899 551 950 ubi
583 904 884 949 consecratus
907 903 981 949 est
1013 904 1062 948 et
1093 898 1291 948 alterato
1314 896 1523 954 nomine,

118 986 311 1030 vocatus
353 983 426 1027 est
466 978 701 1028 Johannes
744 976 882 1042 hujus
928 975 1133 1026 nominis
1181 978 1359 1034 xxm-⁸,
1402 991 1527 1025 anno

118 1056 300 1107 Domini
325 1055 573 1105 millesimo
597 1054 704 1105 ccc⁰
728 1054 876 1106 xvl⁰¹.

182 1135 351 1184 Comes
380 1139 538 1182 autem
571 1131 855 1182 Pictavensis
887 1137 1133 1182 revertens
1162 1131 1211 1180 in
1240 1130 1525 1186 Franciam²‚

118 1227 227 1261 cum
241 1210 448 1260 venisset
462 1210 508 1259 in
527 1209 751 1259 comitatu
767 1209 1057 1265 carnotensi,
1078 1207 1293 1275 repperit
1306 1212 1529 1274 patmum

118 1294 166 1338 et
197 1288 395 1338 fratrem
418 1302 548 1343 suos,
578 1285 753 1336 scilicet
777 1286 973 1335 comites
995 1285 1162 1336 valesii
1187 1290 1235 1334 et
1259 1283 1459 1350 Hamhie
1483 1288 1530 1332 et

119 1364 397 1423 Guidonem‚
425 1363 647 1414 comitem
677 1363 831 1413 Sancti
862 1362 987 1413 Pauli
1017 1378 1126 1413 cum
1149 1362 1235 1419 eis,
1263 1361 1396 1427 cujus
1419 1366 1532 1411 tunc

119 1441 246 1491 idem
270 1440 485 1498 Karolus‚
514 1456 675 1489 comes
699 1438 882 1496 valesii,
906 1438 1047 1488 filiam
1072 1437 1274 1487 duxerat
1302 1451 1528 1492 uxorem;

119 1517 200 1583 qui
232 1515 374 1567 ambo
407 1515 626 1572 comites,
666 1514 841 1564 scilicet
875 1513 1074 1563 Marchie
1110 1519 1157 1562 et
1189 1512 1344 1563 Sancti
1383 1511 1527 1568 Pauli,

120 1599 407 1644 vocaverunt
434 1607 545 1643 eum
574 1591 634 1641 ad
663 1597 867 1656 partem,
894 1589 1146 1640 suadentes
1174 1589 1218 1638 ei
1251 1594 1297 1637 et
1323 1587 1533 1638 dicentes

120 1670 249 1736 quod
291 1669 577 1719 consentiret
613 1667 844 1717 avunculo
880 1683 968 1717 suo
1008 1666 1208 1722 seniori,
1248 1664 1531 1731 progeniefi]

120 1746 306 1814 regalis,
335 1763 392 1796 eo
417 1745 546 1811 quod
578 1744 789 1811 regimen
814 1743 947 1810 regni
971 1759 1067 1793 non
1091 1748 1375 1809 congrueret
1399 1741 1533 1791 inno-

120 1823 242 1875 centi
267 1839 328 1873 ex
353 1828 488 1889 parte
511 1821 676 1877 matris
700 1837 785 1872 sue
810 1827 1054 1871 extraneo.

185 1901 312 1959 Quos
341 1897 603 1964 intelligens
637 1912 814 1954 comes,
844 1895 1091 1962 respondit
1115 1894 1245 1960 quod
1277 1911 1422 1960 super
1445 1895 1535 1944 hoc

121 1976 382 2034 advisaret‚
426 1975 678 2040 statimque
717 1973 911 2024 veniens
958 1973 1016 2022 ad
1063 1972 1326 2038 hospicium
1374 1988 1531 2029 suum,

170 2126 203 2164 1.
225 2123 336 2163 Getta
356 2122 534 2170 relation,
549 2122 635 2171 plus
648 2121 827 2159 detaillee
840 2131 915 2170 que
930 2120 1027 2159 celle
1041 2119 1088 2158 de
1109 2118 1288 2158 Bernard
1301 2118 1394 2166 Gui,
1408 2118 1535 2168 parsit

123 2189 273 2223 exacte.
294 2183 402 2223 L'elu
422 2194 463 2221 se
483 2182 675 2221 nommait
694 2181 866 2231 Jacques
886 2180 1028 2219 d’Euse
1053 2185 1092 2218 et
1119 2179 1177 2218 fut
1196 2179 1320 2218 choisi
1347 2179 1383 2217 le
1402 2180 1423 2216 7
1444 2180 1535 2216 ωὐῑ

125 2243 229 2281 1316.
251 2242 284 2280 11
304 2242 362 2280 fut
381 2242 582 2281 couroune
601 2240 623 2277 ὲ
645 2240 756 2289 Lyon
776 2240 812 2277 le
835 2241 857 2277 5
876 2238 1108 2288 septembre.
1124 2238 1179 2276 Le
1199 2237 1477 2276 continuateur
1488 2235 1535 2274 de

125 2300 348 2344 Guillaume
367 2298 415 2338 de
433 2298 585 2347 Nangis
600 2302 640 2345 (t.
657 2297 690 2343 1,
704 2308 742 2346 p.
759 2297 841 2343 427)
857 2296 912 2334 dit
926 2307 1001 2345 que
1014 2306 1059 2333 ce
1073 2295 1131 2334 rut
1150 2295 1186 2333 le
1202 2299 1330 2333 comte
1349 2293 1397 2332 de
1416 2294 1537 2332 Fomz

126 2370 201 2408 que
223 2358 399 2408 Philippa
417 2358 586 2406 charges
605 2356 652 2395 de
672 2355 767 2394 faire
788 2355 905 2393 ceder
924 2355 959 2393 le
978 2354 1180 2393 conclave.

173 2418 210 2456 2.
230 2416 292 2456 On
313 2428 336 2455 a
355 2429 407 2456 vu
425 2416 513 2466 plus
530 2416 627 2455 haut
646 2418 698 2464 (p.
712 2414 798 2463 229,
814 2415 917 2461 note)
933 2424 1007 2463 que
1027 2413 1205 2463 Philipps
1224 2413 1259 2451 le
1280 2413 1392 2462 Long
1410 2411 1539 2450 arrivs

127 2478 151 2516 ὲ.
179 2477 291 2516 Paris
323 2477 359 2515 le
393 2476 437 2515 12
465 2475 595 2525 juillet
628 2475 734 2513 1316.
768 2475 823 2512 Le
854 2475 1130 2512 continuatam·
1159 2472 1207 2510 de
1238 2472 1461 2511 Guillaume
1491 2471 1539 2508 de

127 2535 278 2584 Nangis
296 2540 357 2573 est
375 2534 621 2576 absolument
640 2538 749 2572 must
770 2544 839 2570 sur
857 2533 914 2570 les
934 2533 1054 2571 luttes
1072 2531 1304 2569 d’inssuence
1329 2530 1396 2580 qui
1423 2530 1537 2567 s’eta·

128 2594 272 2632 hlirent
297 2594 320 2631 a
343 2593 520 2631 l’arrivee
544 2592 595 2630 du
623 2594 773 2643 regent.
802 2592 835 2629 11
864 2597 923 2629 est
951 2591 1059 2639 faux,
1085 2601 1237 2629 comme
1265 2591 1301 2628 le
1325 2589 1454 2636 disent
1481 2588 1538 2627 les

130 2654 292 2694 Grandes
306 2652 530 2699 chronique!
545 2651 586 2699 (t.
603 2650 655 2698 V,
667 2662 703 2700 p.
720 2650 820 2697 228),
835 2649 926 2699 qu'il
941 2649 995 2688 ait
1007 2649 1069 2688 ete
1084 2659 1177 2699 recu
1189 2662 1205 2684 ι
1218 2647 1503 2698 paisiblemeut.
1517 2659 1535 2680 ι

134 2712 233 2750 Mais
249 2712 288 2761 je
302 2710 380 2749 n'ai
393 2721 462 2759 pas
474 2710 611 2748 trouve
625 2709 784 2748 ailleurs
804 2709 841 2746 la
862 2708 1025 2747 relation
1039 2707 1085 2746 de
1100 2708 1137 2745 la
1157 2708 1370 2746 resistsnce
1383 2705 1435 2743 du
1448 2705 1538 2743 cha·

135 2778 225 2810 teau
245 2771 296 2808 du
317 2771 483 2809 Louvre.
