1838 3164
349 297 418 334 230
628 295 998 330 annuntiaturum
1026 294 1176 328 uum!
1203 294 1481 330 runco-mn.
1645 292 1751 339 [¹8¹6

349 386 443 427 tem
469 376 593 442 regis
619 374 775 424 fratris
798 372 870 423 sui
894 373 1112 439 agnovit3
1143 372 1204 422 de
1237 389 1333 438 quo
1356 372 1549 439 quidem
1577 374 1752 425 nullam

350 452 604 503 mesticiam
622 451 682 501 ad
701 456 835 500 extra
853 450 1148 508 monstravit,
1171 449 1253 499 sed
1274 450 1432 515 posuit
1448 450 1669 501 miodo·
1692 452 1752 502 sd

348 530 553 597 singulas
578 534 741 596 portas
764 527 983 587 civitatis,
1007 528 1183 578 nullum
1210 526 1430 577 nuncium
1453 528 1628 578 intrare
1648 545 1756 595 per-

349 607 603 656 mittentes.
633 608 780 656 Porro
804 604 1063 655 cardinales
1092 604 1362 671 ignorantes
1385 604 1499 670 quid
1523 604 1757 655 acciderat

347 683 616 750 stupebant,
632 699 779 749 quare
797 698 956 732 comes
977 687 1157 732 tantum
1174 681 1422 732 festinabat
1441 698 1548 739 eos;
1565 681 1759 731 accidit-

348 777 442 826 que
477 758 685 825 quodam
711 774 847 808 mane
880 758 1009 823 quod
1036 774 1194 807 comes
1231 758 1276 807 in
1314 757 1507 808 ecclesia
1541 760 1756 808 Fratmm

349 828 698 887 predicatorum
718 835 825 884 fecit
849 834 1126 900 congregari
1153 834 1414 884 cardinales
1431 850 1541 884 cum
1560 833 1759 901 capella-

348 913 420 964 nis
439 912 553 971 suis,
575 911 719 961 modo
734 910 973 960 electionis
992 910 1148 968 solito,
1171 911 1218 960 in
1237 911 1459 961 conclave
1484 930 1493 960 :
1517 911 1626 963 inde
1646 927 1760 962 vero

347 1006 507 1040 comes
542 989 727 1046 exiens,
763 987 874 1037 fecit
908 987 1058 1036 hostia
1097 987 1203 1051 (sic)
1242 988 1418 1037 murari
1455 1005 1484 1037 a
1520 986 1755 1044 latbomis,

347 1072 509 1132 preter
533 1080 696 1122 unum,
718 1062 866 1129 quod,
889 1062 1085 1129 expulsa
1110 1062 1280 1112 familia
1304 1062 1627 1122 cardinalium,
1648 1079 1757 1114 cum

346 1142 566 1209 gentibus
590 1156 833 1190 armorum
857 1138 1149 1189 observavit.

412 1228 622 1290 Cumque
646 1222 906 1273 cardinales
932 1238 1081 1288 usque
1105 1221 1165 1272 ad
1192 1238 1377 1273 nonam«
1388 1221 1634 1273 discordes
1653 1237 1763 1289 per-

348 1302 630 1352 mansissent
660 1306 708 1349 et
739 1299 1016 1350 recederent
1041 1315 1210 1349 venus
1241 1299 1390 1349 hostia
1421 1305 1474 1349 ut
1500 1298 1684 1349 exilem
1713 1304 1764 1348 et

347 1384 594 1430 cernerent
625 1377 776 1428 hostia
808 1382 1011 1435 murata,
1049 1375 1268 1426 abierunt
1300 1375 1361 1426 ad
1394 1391 1619 1443 magnum
1648 1374 1762 1426 bos-

348 1457 489 1515 tium,
526 1455 656 1505 exire
691 1454 927 1514 volentes;
960 1453 1041 1504 ubi
1074 1460 1176 1504 erat
1208 1469 1388 1513 comes,
1420 1453 1630 1504 munitus
1663 1453 1764 1503 suis

349 1533 499 1599 plenis
517 1532 662 1582 armis
679 1548 787 1582 cum
807 1547 894 1582 suo
911 1531 1115 1598 agmine,
1137 1531 1216 1597 qui
1233 1530 1411 1597 juravit
1427 1547 1517 1597 per
1534 1546 1759 1581 coronam

347 1610 556 1668 Francie,
571 1607 870 1659 audientibus
887 1608 1004 1674 ipsis
1022 1607 1355 1667 cardinalibus,
1374 1607 1503 1674 quod
1521 1623 1762 1674 nunquam

349 1687 409 1738 de
433 1686 627 1736 ecclesia
656 1685 857 1743 exirent,
884 1685 1036 1735 donec
1067 1684 1307 1751 elegerent
1331 1688 1579 1736 Summum
1602 1683 1762 1735 Ponti-

349 1764 503 1813 ficem.
538 1763 665 1812 Fecit
694 1763 852 1829 itaque
876 1762 1055 1812 murari
1085 1762 1310 1821 bostium,
1343 1762 1508 1812 relicto
1534 1761 1763 1813 foramine

349 1859 437 1908 per
460 1842 590 1907 quod
614 1842 682 1891 eis
707 1841 1057 1891 ministraretur
1080 1840 1235 1890 cibus.

414 1923 589 1974 Deinde
610 1940 787 1981 comes,
809 1923 1078 1988 relinquens
1102 1923 1206 1972 loco
1231 1923 1302 1973 sui
1328 1923 1636 1974 senescallum
1659 1923 1764 1975 Bel-

349 2000 534 2050 licadri¹
557 2016 665 2049 cum
683 2000 993 2066 septingentis
1008 1999 1122 2048 viris
1136 2015 1380 2050 armorum
1396 2006 1446 2049 et
1456 2000 1707 2067 injungens
1720 2001 1762 2050 ei

349 2078 476 2143 quod
499 2077 839 2143 discooperiret
861 2083 1037 2127 tectum
1056 2076 1184 2143 quod
1210 2084 1312 2127 erat
1336 2093 1481 2143 supra
1506 2077 1637 2143 ipsos
1659 2093 1765 2127 car-

351 2242 387 2279 le
399 2242 421 2280 8
429 2241 517 2290 juin'
535 2252 633 2290 pour
650 2241 740 2280 data
758 2241 806 2279 de
825 2242 864 2279 la.
881 2246 984 2280 mort
995 2241 1048 2279 du
1067 2241 1139 2288 roi,
1152 2253 1228 2290 que
1250 2241 1472 2290 Pargantiar
1484 2239 1536 2280 du
1556 2242 1675 2291 regne
1695 2242 1763 2291 qni

351 2300 484 2338 venait
513 2300 561 2338 da
587 2301 677 2338 finii-
705 2301 760 2339 ait
789 2301 976 2343 continue
1001 2312 1065 2340 ses
1091 2300 1285 2339 fonctions
1310 2313 1408 2350 pour
1435 2302 1503 2339 les·
1517 2311 1649 2340 cessst
1672 2301 1762 2351 cinq

348 2359 457 2407 jours
483 2365 604 2397 avant
627 2359 805 2398 l'arrivaa
833 2359 882 2398 de
910 2359 1088 2409 Philippa
1113 2359 1149 2397 la
1173 2360 1299 2409 Lon&
1325 2359 1569 2399 c’ast-s-dira
1587 2365 1711 2398 avant
1726 2360 1764 2398 le

353 2418 399 2455 12
418 2417 559 2466 juillet.
588 2418 718 2466 Enfin‚
747 2430 801 2456 on
832 2429 1084 2468 remarquara
1107 2429 1184 2468 que
1210 2419 1268 2457 las
1291 2419 1482 2468 obsequen
1505 2419 1554 2458 da
1578 2419 1699 2458 noui·
1722 2419 1763 2457 X

352 2477 531 2515 n'aurent
559 2477 636 2515 lieu
666 2489 743 2527 qua
771 2479 806 2516 le
827 2479 872 2517 12
887 2478 1016 2528 juillet
1038 2479 1160 2526 (llud,
1183 2490 1221 2527 p.
1244 2480 1286 2516 17
1306 2484 1346 2516 et
1366 2479 1440 2527 18),
1460 2478 1536 2517 soit
1559 2479 1647 2528 plus
1670 2478 1763 2517 d'nn

352 2536 451 2574 mois
470 2538 583 2585 apres
603 2537 641 2575 la.
658 2537 748 2576 data
765 2549 840 2587 que
859 2542 1067 2587 proposant
1084 2537 1213 2576 divers
1238 2543 1398 2576 auteurs
1420 2548 1522 2587 pour
1538 2537 1578 2576 la.
1593 2543 1698 2577 mort
1713 2537 1762 2576 dc

354 2606 399 2633 ce
416 2606 566 2644 prmca.

401 2655 434 2691 1.
457 2654 624 2693 Suivant
642 2655 692 2693 D.
714 2655 912 2695 Vaissette
936 2658 1109 2705 (Histoire
1132 2658 1304 2704 ςόπὲναισ
1324 2659 1369 2695 ἀι
1386 2658 1614 2704 unquam,
1636 2662 1667 2694 t.
1685 2655 1761 2702 IV,

353 2724 391 2759 p.
415 2714 497 2760 160,
517 2715 608 2752 cdii..
630 2714 678 2753 de
707 2717 827 2763 1742),
847 2717 885 2754 le
912 2716 1098 2755 sensehal
1124 2716 1172 2754 da
1201 2717 1419 2756 Beaucaira
1444 2717 1555 2764 duit,
1573 2727 1624 2754 en
1651 2715 1758 2762 1311,
1806 2735 1810 2738 ·

355 2771 549 2810 Bertrand
566 2775 756 2812 Jourdain
775 2775 822 2813 de
841 2776 958 2814 Lisle.
