1838 3164
338 294 384 332 48
622 294 995 329 cunonomurnu
1022 294 1174 330 RBGUU
1201 294 1482 329 mNGORUU.
1534 290 1752 340 [mm-¹2⁹8

338 374 590 424 assultibus
633 373 945 439 petrariisque
975 380 1021 424 et
1060 373 1316 424 fundibulis
1348 389 1458 423 eum
1496 373 1749 424 infestavit.

339 456 548 516 Cumque
583 450 664 500 diu
702 451 747 500 in
786 451 1032 502 obsidione
1070 451 1156 503 hac
1186 456 1457 501 moraretur
1491 456 1540 500 et
1571 450 1752 501 obsessi

336 528 533 578 viriliter
572 544 624 577 se
669 527 1005 587 defenderent,
1049 545 1157 579 ecce
1204 526 1372 594 prefati
1411 526 1651 579 soh-nne·
1693 526 1755 578 de

336 603 557 663 Arbreto,
575 602 812 655 Johannes
829 603 891 655 de
909 606 1079 654 Sancto
1096 603 1306 655 Jobanne
1325 610 1374 653 et
1388 602 1580 653 cumeis
1594 618 1756 654 comes

334 681 394 731 de
405 680 629 740 Heli'orte,
643 697 703 731 ex
713 687 847 747 parte
862 681 989 748 regis
998 681 1180 747 Anglie,
1194 696 1303 731 cum
1314 686 1609 731 armatorum
1617 679 1754 746 copia

333 774 521 824 magna,
540 758 621 823 qui
637 758 698 809 ad
714 758 1060 809 succurendum
1074 764 1283 808 castrum
1301 764 1497 824 repente
1517 757 1755 809 irmemnt

333 835 382 885 in
407 835 692 894 exercitum;
721 835 930 886 medium
958 835 1092 902 cujus
1122 834 1435 901 perforantes,
1466 834 1755 885 tmnsiemnt

332 912 507 963 multos
526 912 746 962 ferientes
769 919 817 961 et
840 929 867 961 a
886 912 1047 962 multis
1070 913 1302 977 percussi,
1326 912 1463 977 equis
1479 917 1529 961 et
1555 910 1756 961 homini-

333 988 424 1039 bus
447 989 508 1038 ab
533 994 732 1053 utraque
755 993 907 1054 parte,
930 1004 1127 1038 suorum
1151 987 1369 1038 videlicet
1392 994 1441 1038 et
1464 991 1755 1038 Francorum

332 1065 657 1115 indifferenter
679 1064 863 1123 occisis,
888 1064 1045 1115 villam
1068 1064 1393 1124 inu-avernum
1410 1063 1579 1115 videns
1597 1063 1756 1130 itaque

332 1143 531 1192 Karolus
549 1142 678 1209 quod
694 1142 876 1192 obsessi
895 1142 976 1207 qui
995 1159 1048 1192 se
1072 1141 1271 1192 viriliter
1288 1140 1614 1193 deffenderant
1629 1157 1755 1192 nunc

332 1218 568 1269 habebant
592 1225 663 1269 tot
686 1224 735 1269 et
758 1218 876 1269 tales
900 1218 1194 1277 defensores,
1217 1216 1513 1268 obsidionem
1541 1217 1685 1269 solvit
1705 1223 1755 1268 et

332 1296 643 1362 Burdegalam
673 1295 884 1354 secessit,
911 1294 1011 1354 ubi,
1049 1302 1102 1346 ut
1126 1295 1316 1353 dicitur,
1349 1301 1515 1345 contra
1543 1294 1755 1347 mim

332 1372 393 1422 de
415 1371 681 1422 communia
701 1372 904 1421 civitatis
928 1388 1155 1439 magnum
1173 1372 1445 1423 conflictum
1463 1371 1644 1423 habuit.
1663 1373 1755 1423 Pro

332 1465 425 1514 qua
449 1465 502 1498 re
526 1448 575 1498 in
600 1448 844 1499 Franciam
867 1447 928 1500 ad
954 1464 1136 1515 regem,
1166 1448 1362 1499 fratrem
1386 1464 1544 1508 suum,
1570 1452 1626 1499 ut
1648 1463 1755 1500 nuc-

331 1542 525 1575 cursum
547 1525 636 1575 sibi
668 1525 878 1576 mitteret
907 1525 1206 1591 quantocius,
1236 1526 1434 1577 nuncios
1453 1525 1750 1577 destinavit¹.

396 1605 455 1651 Et
475 1602 666 1652 interim
698 1618 786 1652 rex
816 1602 982 1668 Anglie
1011 1602 1328 1660 Edowardus,
1356 1602 1629 1668 predictum
1657 1602 1755 1654 fra-

330 1684 454 1728 trem
478 1695 617 1728 suum
635 1685 684 1728 et
706 1695 815 1729 cum
833 1695 891 1728 eo
911 1679 1132 1729 comitem
1150 1678 1405 1739 Lincolnie,
1428 1678 1678 1732 dominum
1691 1678 1753 1730 de

332 1758 514 1807 Mortuo
549 1756 688 1806 Mari²
721 1762 771 1805 et
802 1756 1109 1820 quamplures
1137 1756 1254 1806 alios
1283 1755 1487 1807 barones
1516 1755 1651 1823 regni
1677 1755 1751 1808 sui

331 1832 379 1881 in
404 1833 612 1883 maxima
645 1833 847 1883 militum
877 1838 1266 1897 armatorumque
1289 1833 1529 1892 comitiva,
1563 1833 1752 1900 navigio

331 1925 419 1959 suo
447 1909 683 1969 ordinato,
718 1909 1025 1959 transfretare
1053 1909 1164 1959 fecit
1194 1909 1242 1959 in
1273 1909 1597 1975 Acquitaniam
1628 1928 1639 1959 ε
1667 1910 1751 1976 qui

331 1986 391 2036 de
407 1986 607 2037 navibus
621 1987 817 2054 egressi,
831 2004 946 2036 mox
958 2003 1046 2036 suo
1057 1992 1220 2052 aptato
1234 1987 1446 2037 exercitu
1461 1986 1752 2038 obsederunt

329 2064 571 2128 quoddam
609 2069 819 2113 castrum
860 2064 988 2130 regis
1027 2064 1245 2122 Francie,
1292 2063 1483 2113 nomine
1528 2066 1750 2115 Sanctum

329 2140 587 2191 Makarium
599 2146 649 2190 et
659 2140 863 2190 diversis
878 2140 1133 2190 assultibus
1153 2141 1597 2207 impugnaverunt⁸.
1613 2139 1749 2201 Quod

378 2299 412 2335 1.
433 2298 491 2336 La
509 2299 720 2346 chronique
743 2298 792 2336 do
818 2298 1042 2336 Guillaume
1069 2297 1117 2336 de
1136 2298 1288 2348 Nangis
1308 2303 1349 2336 et
1367 2298 1425 2336 les
1445 2298 1610 2336 Grandes
1630 2297 1747 2337 Chro-

329 2359 459 2403 niques
485 2357 568 2395 font
593 2369 648 2396 un
674 2357 770 2396 tecit
789 2359 870 2396 tres
888 2358 1027 2396 consus
1051 2369 1102 2396 en
1123 2362 1185 2396 cet
1204 2357 1371 2395 endroit.
1394 2357 1469 2395 Les
1489 2358 1746 2397 evenements

329 2416 396 2464 qui
414 2417 624 2464 precedent
643 2428 694 2454 ne
719 2428 762 2456 se
786 2422 970 2456 trouvent
989 2428 1059 2465 pas
1087 2416 1186 2454 dans
1211 2416 1268 2454 les
1293 2419 1497 2454 Anciennes
1526 2418 1747 2465 chr-enimus

327 2476 371 2511 de
389 2476 549 2512 Flandre
569 2477 719 2524 (Hister.
738 2477 782 2514 de
800 2478 875 2522 Fr„
896 2482 926 2514 t.
948 2476 1087 2524 xxn,
1107 2487 1146 2524 p.
1168 2475 1266 2523 355),
1293 2476 1361 2525 qui
1379 2476 1478 2514 dans
1500 2482 1603 2516 cette
1620 2477 1746 2526 partie

330 2538 419 2571 sont
437 2535 518 2571 tres
538 2534 809 2583 incompletes.

376 2592 412 2631 2.
433 2593 510 2630 Les
528 2594 732 2632 Anciennss
751 2595 970 2640 chroniques
988 2595 1032 2631 ds
1051 2595 1210 2631 planare
1232 2594 1386 2640 (Hister.
1407 2595 1451 2631 de
1468 2595 1546 2640 Fra,
1562 2599 1592 2632 t.
1605 2593 1746 2644 XXII,

327 2663 366 2699 p.
390 2652 471 2699 355)
503 2651 678 2701 ajoutent
703 2653 742 2690 la
761 2653 798 2691 le
817 2664 911 2691 nom
929 2652 982 2690 du
1001 2653 1186 2701 seigneur
1203 2652 1250 2690 de
1279 2668 1296 2689 α
1321 2653 1504 2693 Scanfort
1525 2668 1543 2691 ι
1563 2659 1604 2692 et
1621 2654 1676 2692 H.
1697 2654 1746 2692 de

328 2710 481 2759 Wailly
500 2722 523 2748 a
541 2713 662 2759 pense
681 2723 757 2761 que
777 2723 822 2750 ce
842 2723 937 2750 nom
956 2711 1086 2750 devait
1106 2713 1188 2750 etre
1208 2712 1344 2750 altere.

377 2769 411 2806 3.
434 2769 486 2807 Ce
505 2770 610 2819 siege
630 2782 671 2808 se
691 2771 735 2809 fit
753 2782 804 2809 en
826 2771 931 2811 1296.
950 2771 1007 2810 Le
1035 2771 1228 2820 capitaine
1254 2771 1302 2809 de
1322 2771 1630 2811 Saint-Macajre
1647 2772 1744 2811 etait

330 2827 499 2866 Thihaut
517 2829 565 2866 de
584 2830 754 2879 Chepoy.
777 2830 856 2868 Sur
875 2842 919 2869 ce
939 2842 1184 2879 personnage
1198 2830 1284 2869 voir
1294 2832 1543 2879 Bibliothsquo
1554 2833 1598 2869 de
1610 2824 1742 2871 Psscolo
