1838 3164
307 243 327 279 8
580 239 950 276 cunonoclul’nu
976 238 1128 272 RRGUU
1154 236 1433 271 muconuu.
1602 231 1710 281 [¹2⁷5

305 325 382 392 qui
400 324 586 374 interim
606 338 702 387 quo
720 320 960 386 predictus
978 319 1196 369 dominus
1214 317 1448 367 Johannes
1466 315 1556 366 iter
1570 332 1709 365 auum

302 402 582 467 arripuerat,
610 397 835 457 obierat¹,
859 397 1129 462 relinquens
1154 396 1200 444 in
1226 392 1439 443 custodia
1459 392 1579 459 ejus,
1602 408 1710 442 cum

302 483 399 527 tota
424 482 550 525 terra
575 491 676 533 aua,
701 473 886 524 unicam
906 473 1049 522 filiam
1069 487 1202 521 suam
1222 469 1411 519 nomine
1429 467 1708 525 soh-amm,

302 568 444 618 quam
473 551 635 618 genuit
667 550 715 599 in
748 548 957 615 predicta
993 564 1142 598 uxore
1178 564 1286 606 sua,
1323 561 1486 595 sorore
1522 543 1712 595 Roberti

301 629 485 680 comitis
526 626 890 685 Attrebatensis3
932 641 1075 691 quam
1118 624 1358 690 Philippus
1398 627 1713 688 cognomento

300 706 513 764 Pulcher,
535 704 658 754 filius
681 703 826 769 regis,
848 709 1011 768 postea
1036 701 1172 751 duxit
1197 716 1396 750 uxorem
1416 715 1502 765 per
1519 697 1712 763 dispen-

301 782 535 835 sacionem
560 780 689 831 curie
712 782 957 829 romane2.

364 858 564 907 Penituit
596 862 753 906 autem
786 873 872 905 rex
904 855 1009 921 (sic)
1044 854 1263 920 Hispanie
1297 853 1407 918 quia
1443 850 1714 902 reddiderat

301 930 540 978 dominam
561 934 609 977 et
629 927 757 976 misit
781 932 888 992 post
911 942 1015 976 eam
1050 932 1102 974 ut
1134 925 1464 982 reduceretur;
1494 922 1579 973 aed
1610 922 1711 988 ipsa

299 1006 393 1072 jam
417 1007 671 1055 intraverat
691 1020 888 1071 regnum
908 1007 1112 1053 Navarre
1136 1022 1146 1052 ε
1170 1008 1462 1068 quapropter
1478 1017 1583 1050 eam
1602 1015 1713 1066 per-

300 1087 548 1148 sequentes
586 1097 754 1147 repere
793 1080 1122 1145 nequiverunt.
1164 1078 1340 1129 Deinde
1379 1082 1611 1127 venerunt
1648 1076 1710 1127 ad

298 1175 459 1225 regem
483 1157 747 1223 Philippum
772 1157 819 1206 in
843 1156 1103 1213 Franciam,
1135 1160 1380 1205 narrantes
1405 1154 1447 1203 ei
1473 1170 1566 1219 que
1589 1152 1711 1203 acci-

299 1235 466 1284 derant
494 1240 542 1283 et
567 1234 675 1299 quia
701 1250 787 1283 rex
817 1232 1035 1299 Hispanie
1061 1232 1248 1282 nolebat
1269 1230 1527 1280 observare
1550 1228 1705 1288 sedus,

299 1311 427 1376 quod
466 1311 666 1376 ipsemet
700 1310 943 1375 pepigerat
980 1326 1088 1358 cum
1123 1308 1250 1358 dicto
1280 1307 1540 1363 Ludovico,
1576 1311 1711 1373 patre

299 1390 431 1439 suo⁸.
459 1390 678 1436 Preterea
708 1386 901 1451 quidam
928 1385 1132 1435 barones
1152 1385 1213 1434 de
1239 1384 1477 1449 Hispania,
1505 1382 1587 1448 qui
1600 1384 1712 1433 ‘fue-

297 1470 406 1514 rant
432 1464 480 1512 in
511 1462 865 1512 confirmatione
897 1462 1070 1512 federis
1100 1461 1315 1527 pretecti,
1347 1459 1575 1526 indignati
1602 1466 1713 1510 aunt

299 1546 463 1591 contra
487 1556 650 1606 regem
673 1539 910 1605 Hispanie,
938 1555 995 1587 eo
1024 1538 1153 1603 quod
1178 1539 1407 1587 niteretur
1430 1537 1608 1587 violare
1632 1536 1713 1603 jue

299 1618 502 1668 filiorum
531 1616 772 1675 Ferrandi,
806 1615 1010 1681 indeque
1041 1621 1144 1664 orta
1174 1621 1246 1664 est
1276 1614 1511 1664 discordia
1540 1629 1711 1681 magua

299 1694 421 1744 inter
444 1694 647 1743 barones
669 1698 718 1742 et
741 1709 880 1742 suum
903 1709 1068 1759 regem
1095 1691 1331 1758 Hispanie‚
1364 1692 1412 1741 in
1442 1697 1627 1741 tanmm
1655 1696 1710 1741 ut

299 1770 534 1836 dompnus
556 1770 788 1820 Johannes
811 1768 1022 1834 Borgne⁴
1047 1768 1263 1818 exulatus
1286 1772 1360 1817 est
1382 1766 1443 1816 ab
1468 1766 1706 1832 Hispania.

347 1902 381 1938 1.
403 1900 528 1938 Henri
546 1900 605 1938 m
623 1904 780 1938 mourut
806 1899 842 1937 le
867 1899 914 1938 22
929 1899 1056 1948 juillet
1077 1899 1167 1938 1274
1187 1900 1211 1937 a
1231 1898 1484 1948 Pampelune.
1511 1898 1566 1937 Sa
1584 1909 1710 1938 veuve

300 1971 342 1998 se
382 1959 550 1998 remaria
588 1964 628 1997 et
667 1960 812 2007 epousa
850 1958 1029 1997 Edmond
1042 1987 1053 2007 ,
1086 1964 1213 1997 comte
1251 1959 1299 1996 de
1338 1959 1553 1997 Lancastre
1566 1987 1577 2007 ,
1609 1959 1711 1997 {rem

299 2009 517 2057 d’Edouard
536 2018 599 2056 1⁶².

346 2078 382 2115 2.
404 2078 457 2114 M.
478 2077 623 2115 Gh.-V.
645 2077 843 2127 Langlois,
862 2077 960 2115 dans
981 2088 1053 2116 son
1071 2069 1234 2116 histoire
1256 2076 1303 2115 de
1322 2077 1500 2126 Philippe
1525 2076 1562 2115 le
1586 2076 1711 2116 nudi

301 2138 350 2186 (p.
371 2135 446 2184 98),
466 2135 534 2173 fait
553 2146 779 2184 remarquer
798 2147 873 2185 que
893 2136 1079 2185 Gregoire
1098 2136 1139 2174 X
1159 2135 1365 2174 n’accorda
1378 2136 1415 2174 la
1427 2135 1607 2184 dispensa
1619 2135 1710 2185 qu’a

300 2195 492 2243 Philippa,
512 2194 656 2233 second
672 2194 733 2231 fils
752 2194 804 2232 du
823 2195 895 2243 roi,
916 2194 995 2232 afm
1014 2206 1089 2244 que
1108 2195 1295 2233 l’heritier
1307 2195 1359 2232 du
1377 2196 1492 2233 trone
1503 2205 1555 2233 ne
1569 2195 1626 2232 fut
1637 2205 1708 2243 pas

301 2265 351 2291 en
372 2254 500 2291 meme
519 2258 645 2302 temps
664 2253 872 2291 souverain
885 2253 933 2291 de
946 2254 984 2290 la
996 2253 1172 2292 Navarre
1185 2258 1225 2291 et
1238 2259 1366 2292 comte
1380 2253 1428 2291 de
1441 2253 1706 2303 champagne.

301 2312 409 2350 Cette
427 2313 655 2360 precaution
673 2312 746 2361 fut,
766 2323 819 2351 on
838 2313 875 2350 le
894 2313 984 2361 sait,
1003 2312 1151 2351 rendue
1170 2313 1299 2351 vaine.

347 2370 382 2407 3.
405 2370 448 2408 Si
475 2372 514 2408 la
539 2372 746 2418 chronique
773 2371 820 2410 de
846 2372 1070 2410 Guillaume
1095 2371 1143 2410 de
1167 2372 1318 2420 Nangis
1343 2383 1393 2410 ne
1418 2372 1549 2411 donne
1574 2383 1643 2412 sur
1662 2383 1708 2413 ce

301 2428 402 2476 suiet
429 2440 504 2477 que
527 2428 595 2467 des
623 2429 962 2478 renseignements
989 2429 1275 2478 imignifflmts,
1304 2430 1333 2467 il
1363 2430 1455 2468 n’en
1483 2436 1542 2469 est
1566 2442 1636 2480 pas
1661 2430 1710 2470 de

300 2488 429 2525 meme
447 2487 515 2525 des
534 2488 636 2525 Gesta
654 2490 819 2536 Philippi
835 2490 897 2526 III
912 2490 1063 2534 (Hister.
1084 2491 1127 2526 de
1145 2491 1222 2534 Fr„
1245 2495 1274 2527 t.
1291 2490 1390 2537 XX,
1410 2501 1447 2538 p.
1469 2490 1568 2537 494),
1582 2490 1626 2528 ni
1638 2490 1708 2528 des

301 2547 463 2585 Grandes
483 2548 706 2594 Chroniques
728 2549 768 2594 (t.
792 2547 841 2595 V,
862 2559 899 2596 p.
921 2548 994 2595 38),
1017 2548 1085 2597 qui
1102 2548 1277 2586 donnent
1296 2560 1347 2586 en
1367 2559 1516 2587 somme
1530 2549 1708 2589 lemene

302 2605 399 2644 recit
417 2616 491 2653 que
509 2611 621 2643 notre
641 2607 867 2656 chronique,
888 2607 1054 2657 quoique
1072 2619 1128 2645 un
1146 2618 1223 2656 peu
1242 2608 1396 2658 abrege.

348 2664 383 2701 4.
404 2663 506 2702 C’est
524 2664 571 2702 de
588 2665 689 2703 Jean
707 2666 840 2704 Nufies
858 2666 951 2716 qu'il
969 2672 1029 2705 est
1047 2667 1096 2705 ici
1115 2667 1309 2716 question.
1331 2668 1383 2706 Ge
1402 2668 1503 2706 n’est
1519 2679 1590 2718 pas
1613 2678 1703 2706 aeu-

302 2723 449 2761 lement
467 2728 600 2762 contre
621 2736 665 2763 ce
684 2726 819 2774 prince
837 2737 912 2775 que
929 2727 1031 2765 Jean
1048 2727 1180 2766 Nufies
1200 2732 1267 2766 eut
1285 2727 1353 2766 des
1372 2728 1511 2777 grictam
1531 2728 1561 2766 il
1577 2728 1703 2766 mani·
