1838 3164
329 257 395 294 ¹56
599 255 974 290 cnnouomurnu
1000 255 1151 288 amun
1177 254 1457 290 mNCORUU.
1626 253 1731 300 {¹³⁰⁴

324 336 584 393 Namurtio‚
622 334 767 383 frater
798 333 918 400 ejus,
950 350 1009 384 ex
1041 334 1262 399 opposito
1292 333 1503 384 similiter
1525 335 1734 384 fecemnt

325 413 587 479 Flamingos
617 410 811 469 armari,
838 427 899 461 ex
922 410 1096 477 quibus
1121 410 1274 461 solum
1298 410 1394 478 iiij*
1414 410 1541 462 acies
1561 416 1736 462 staune-

324 494 451 548 runt,
481 489 610 555 ipsos
641 487 850 538 breviter
878 493 1231 538 commonentes
1261 492 1314 537 ut
1345 487 1531 538 fortiter
1558 504 1737 555 pugn-

326 573 456 624 rent;
484 570 839 632 posueruntque
865 565 925 615 ad
953 565 1147 615 dorsum
1181 580 1347 614 eorum
1378 570 1427 615 et
1458 564 1505 615 in
1535 571 1738 633 utroque

326 644 470 693 latere
498 658 664 693 omnes
693 659 862 693 currus
891 659 1057 692 eorum
1088 643 1339 700 exercitus,
1367 658 1490 708 quos
1510 658 1738 693 onerave-

327 725 429 771 rant
461 720 523 771 de
551 720 766 770 tentoriis
799 726 847 770 et
874 720 1190 786 papilionibus
1217 720 1314 770 suis
1345 735 1466 785 quos
1498 718 1739 770 distende-

324 805 453 856 rant,
495 814 553 848 ne
592 797 698 863 quis
737 797 828 855 ibi,
870 796 955 845 nisi
997 812 1085 861 per
1121 803 1256 855 ante,
1296 797 1421 846 inter
1455 813 1539 847 eos
1577 802 1739 863 posset

324 874 549 925 intrare¹.

388 952 565 1003 Deinde
593 952 708 1003 bora
742 950 874 1016 quasi
907 951 1078 1016 prima,
1107 950 1292 1001 Gallicis
1323 957 1464 1017 atque
1487 951 1740 1019 Flamingis

325 1030 452 1080 sibi'
439 1030 640 1079 invicem
666 1027 1156 1095 appropinquantibus
1182 1028 1459 1094 bucinisque
1483 1027 1740 1105 clangenti-

326 1107 433 1165 bus,
457 1107 629 1156 durum
654 1112 703 1154 et
727 1105 861 1154 letale
885 1103 1058 1154 bellum
1085 1102 1372 1154 comiserunt
1396 1103 1519 1155 inter
1541 1120 1642 1154 cos.
1666 1104 1739 1157 Ad

325 1182 449 1233 istud
485 1182 676 1248 quidem
713 1181 888 1231 bellum
927 1180 1266 1246 asperrimum,
1304 1179 1434 1246 quod
1470 1180 1739 1233 continebat

325 1259 534 1325 spacium
558 1258 655 1307 fere
674 1257 875 1308 duarum
899 1258 1156 1315 leucarum,
1178 1257 1240 1307 de
1259 1260 1416 1307 Duaco
1439 1274 1528 1324 per
1545 1262 1739 1324 poam

324 1336 501 1386 Raissie
537 1335 664 1385 venit
703 1336 931 1385 Hem-icus
970 1335 1031 1385 de
1071 1334 1318 1384 Namurtio
1356 1350 1466 1385 cum
1507 1335 1742 1387 sexcentis

289 1407 294 1417 '
323 1413 558 1478 equitibus
585 1419 633 1462 et
657 1412 966 1480 septingentis
998 1411 1239 1478 peditibus
1267 1417 1314 1461 et
1345 1427 1434 1478 per
1457 1411 1741 1463 fortissimos

324 1507 378 1540 ac
417 1490 740 1540 velocissimos
783 1506 933 1556 equos
976 1489 1222 1554 vivacique
1263 1489 1427 1556 vigore
1473 1504 1735 1546 armornm,

323 1566 540 1632 quamvis
569 1566 630 1616 de
661 1566 760 1615 suis
790 1566 946 1615 amisit
978 1565 1263 1623 hominibus,
1296 1564 1570 1633 pugnando,
1602 1581 1741 1632 pros-

323 1643 554 1693 ternendo
583 1648 632 1692 et
654 1642 930 1701 occidendo,
958 1643 1176 1692 transivit
1202 1659 1290 1708 per
1312 1643 1436 1693 acies
1459 1642 1740 1694 Gallicorum

267 1747 271 1750 .
325 1719 589 1785 usquedum
614 1720 831 1785 pervenit
854 1719 914 1768 ad
941 1719 1111 1769 fratres
1138 1721 1297 1769 suos².

372 1889 404 1925 1.
426 1889 501 1926 Les
530 1890 691 1926 Annales
719 1890 924 1928 Gandenm
953 1889 1080 1935 (Pertz
1096 1917 1106 1936 ‚
1135 1889 1354 1937 Scriptores,
1385 1895 1413 1927 t.
1443 1889 1561 1937 XVI,
1590 1901 1626 1938 p.
1657 1890 1741 1936 58⁴)

323 1953 527 1986 racontent
541 1948 578 1985 la
590 1948 718 1986 meme
739 1949 872 1995 chose,
886 1948 986 1986 mais
1005 1948 1204 1997 ajoutant:
1224 1962 1241 1983 ι
1260 1948 1577 1998 .....dej0ctisque
1591 1948 1640 1986 ad
1659 1955 1737 1987 ter·

324 2021 339 2041 ι
364 2018 447 2044 ram
467 2007 648 2044 omnihus
663 2007 843 2045 tentoriis
857 2007 939 2045 suis
952 2012 992 2046 et
1005 2007 1283 2056 papilionibus,
1295 2019 1347 2047 ne
1367 2008 1510 2056 aliquis
1523 2008 1564 2046 in
1578 2008 1637 2046 eis
1651 2007 1735 2047 lsti-

328 2081 343 2100 «ι
366 2072 454 2104 tans
476 2072 710 2104 remaneret.
737 2080 752 2102 ι
775 2067 895 2105 Solon
913 2066 1136 2105 Guillaume
1155 2066 1296 2105 Guisrt
1318 2081 1328 2104 ι

586 2138 602 2160 ι
625 2125 685 2162 De
705 2125 821 2163 chara
840 2130 879 2163 et
897 2124 946 2163 de
965 2125 1165 2164 chari-etas
1183 2125 1320 2164 vuides

587 2198 605 2218 ι
627 2183 726 2229 Qu’a
744 2189 859 2232 grant
877 2183 1070 2232 diligence
1088 2190 1158 2222 ont
1176 2185 1350 2231 amites,

587 2256 606 2279 ι
626 2243 707 2281 Ont
725 2243 898 2281 entr’eus
916 2254 956 2281 111
974 2243 1153 2292 rengiees
1171 2243 1284 2282 faites

589 2316 606 2337 ι
628 2302 691 2340 En
709 2302 764 2340 tel
784 2312 891 2350 sens,
909 2313 979 2351 par
997 2301 1110 2340 ordre
1129 2313 1355 2350 commune,

587 2374 604 2395 ι
626 2360 710 2407 Que
730 2361 766 2398 le
785 2359 956 2398 deri-iere
975 2360 1023 2399 de
1042 2361 1240 2399 chascune

587 2434 602 2454 ο
625 2420 697 2458 Est
715 2420 790 2457 mis
811 2420 858 2468 (si
877 2430 954 2458 con
971 2431 1071 2458 nous
1089 2420 1291 2468 estimons)

587 2493 604 2513 ι
625 2477 663 2516 Α
684 2478 822 2518 l'autre
840 2484 953 2518 entre
971 2479 1029 2518 les
1048 2491 1077 2516 n
1096 2479 1251 2517 limone.
1276 2493 1292 2515 ι
1488 2489 1490 2491 ·

328 2540 478 2583 (Hister.
493 2539 535 2575 ds
549 2540 628 2585 Fr„
642 2543 671 2575 t.
689 2538 825 2587 XXII,
841 2551 879 2588 p.
894 2539 979 2586 287,
994 2549 1084 2577 vers
1102 2539 1220 2577 20090
1239 2544 1278 2577 et
1298 2539 1414 2586 suiv.)
1428 2539 1486 2578 La.
1503 2538 1740 2588 description

325 2597 371 2635 de
393 2602 496 2635 cette
513 2597 712 2635 harricade
732 2603 793 2636 est
812 2599 1025 2648 completee
1043 2598 1230 2647 quelques
1250 2609 1339 2636 vers
1358 2599 1446 2647 plus
1463 2599 1547 2637 bas.

373 2656 409 2693 2.
432 2656 543 2694 Gette
573 2657 838 2695 intervention
867 2662 927 2696 est
954 2657 1176 2706 &galement
1203 2657 1478 2706 mentionnee‚
1502 2658 1604 2696 mais
1630 2667 1739 2695 assez

327 2714 585 2763 brievement,
603 2727 674 2764 par
691 2717 750 2754 les
767 2718 931 2754 Annales
951 2717 1156 2756 eandorem
1175 2717 1319 2765 (Peru,
1337 2718 1551 2765 δαήμονα,
1573 2722 1602 2755 t.
1624 2716 1738 2763 XVI,
