<?xml version="1.0" encoding="UTF-8"?>
<!DOCTYPE html PUBLIC "-//W3C//DTD XHTML 1.0 Transitional//EN"
    "http://www.w3.org/TR/xhtml1/DTD/xhtml1-transitional.dtd">
<html xmlns="http://www.w3.org/1999/xhtml" xml:lang="en" lang="en">
 <head>
  <title>
</title>
<meta http-equiv="Content-Type" content="text/html;charset=utf-8" />
  <meta name='ocr-system' content='tesseract 3.04.00' />
  <meta name='ocr-capabilities' content='ocr_page ocr_carea ocr_par ocr_line ocrx_word'/>
</head>
<body>
  <div class='ocr_page' id='page_1' title='image "./chronographiareg01mora_0255.png"; bbox 0 0 1838 3164; ppageno 0'>
   <div class='ocr_carea' id='block_1_1' title="bbox 0 1514 20 1958">
    <p class='ocr_par' dir='ltr' id='par_1_1' title="bbox 0 1514 20 1958">
     <span class='ocr_line' id='line_1_1' title="bbox 0 1514 20 1958; textangle 90"><span class='ocrx_word' id='word_1_1' title='bbox 0 1607 20 1958; x_wconf 42' lang='lat' dir='ltr'><strong>-ffl--r--v-mw</strong></span> <span class='ocrx_word' id='word_1_2' title='bbox 0 1555 4 1587; x_wconf 59' lang='grc'><strong>.-.</strong></span> <span class='ocrx_word' id='word_1_3' title='bbox 0 1514 5 1543; x_wconf 63' lang='grc'><strong>,,</strong></span> 
     </span>
    </p>
   </div>
   <div class='ocr_carea' id='block_1_2' title="bbox 133 308 1527 365">
    <p class='ocr_par' dir='ltr' id='par_1_2' title="bbox 133 308 1527 365">
     <span class='ocr_line' id='line_1_2' title="bbox 133 308 1527 365; baseline 0.001 -18"><span class='ocrx_word' id='word_1_4' title='bbox 133 308 237 356; x_wconf 77' lang='grc'><strong>1317]</strong></span> <span class='ocrx_word' id='word_1_5' title='bbox 405 313 775 348; x_wconf 71' lang='lat' dir='ltr'><strong>cunouomupuu</strong></span> <span class='ocrx_word' id='word_1_6' title='bbox 800 313 953 347; x_wconf 71' lang='lat' dir='ltr'><strong>noun</strong></span> <span class='ocrx_word' id='word_1_7' title='bbox 978 313 1258 365; x_wconf 61' lang='lat' dir='ltr'><strong>puseolum.</strong></span> <span class='ocrx_word' id='word_1_8' title='bbox 1459 308 1527 348; x_wconf 73' lang='lat'><strong>2⁴3</strong></span> 
     </span>
    </p>
   </div>
   <div class='ocr_carea' id='block_1_3' title="bbox 122 391 1532 1758">
    <p class='ocr_par' dir='ltr' id='par_1_3' title="bbox 127 391 1530 685">
     <span class='ocr_line' id='line_1_3' title="bbox 130 391 1530 458; baseline 0.002 -19"><span class='ocrx_word' id='word_1_9' title='bbox 130 392 348 440; x_wconf 89' lang='lat' dir='ltr'><strong>comitem</strong></span> <span class='ocrx_word' id='word_1_10' title='bbox 370 392 584 442; x_wconf 82' lang='lat' dir='ltr'><strong>Flandrie</strong></span> <span class='ocrx_word' id='word_1_11' title='bbox 607 398 655 441; x_wconf 91' lang='lat' dir='ltr'><strong>et</strong></span> <span class='ocrx_word' id='word_1_12' title='bbox 677 391 779 458; x_wconf 84' lang='lat' dir='ltr'><strong>ejus</strong></span> <span class='ocrx_word' id='word_1_13' title='bbox 795 391 1058 457; x_wconf 83' lang='lat' dir='ltr'><strong>adjutores,</strong></span> <span class='ocrx_word' id='word_1_14' title='bbox 1087 393 1215 442; x_wconf 84' lang='lat' dir='ltr'><strong>misit</strong></span> <span class='ocrx_word' id='word_1_15' title='bbox 1238 392 1367 457; x_wconf 90' lang='lat' dir='ltr'><strong>apud</strong></span> <span class='ocrx_word' id='word_1_16' title='bbox 1389 394 1530 442; x_wconf 87' lang='lat' dir='ltr'><strong>Sanc-</strong></span> 
     </span>
     <span class='ocr_line' id='line_1_4' title="bbox 130 467 1530 518; baseline 0.002 -3"><span class='ocrx_word' id='word_1_17' title='bbox 130 472 231 516; x_wconf 90' lang='lat' dir='ltr'><strong>tum</strong></span> <span class='ocrx_word' id='word_1_18' title='bbox 265 468 584 518; x_wconf 87' lang='lat' dir='ltr'><strong>Audomarum</strong></span> <span class='ocrx_word' id='word_1_19' title='bbox 619 467 1040 518; x_wconf 84' lang='lat' dir='ltr'><strong>conestabularium</strong></span> <span class='ocrx_word' id='word_1_20' title='bbox 1074 475 1122 518; x_wconf 93' lang='lat' dir='ltr'><strong>et</strong></span> <span class='ocrx_word' id='word_1_21' title='bbox 1155 469 1399 518; x_wconf 90' lang='lat' dir='ltr'><strong>dominum</strong></span> <span class='ocrx_word' id='word_1_22' title='bbox 1428 468 1530 518; x_wconf 86' lang='lat' dir='ltr'><strong>Sul-</strong></span> 
     </span>
     <span class='ocr_line' id='line_1_5' title="bbox 127 543 1530 612; baseline 0.002 -20"><span class='ocrx_word' id='word_1_23' title='bbox 127 543 229 593; x_wconf 89' lang='lat' dir='ltr'><strong>liaci</strong></span> <span class='ocrx_word' id='word_1_24' title='bbox 258 561 366 593; x_wconf 92' lang='lat' dir='ltr'><strong>cum</strong></span> <span class='ocrx_word' id='word_1_25' title='bbox 397 561 568 611; x_wconf 90' lang='lat' dir='ltr'><strong>magno</strong></span> <span class='ocrx_word' id='word_1_26' title='bbox 593 543 801 595; x_wconf 85' lang='lat' dir='ltr'><strong>exercitu</strong></span> <span class='ocrx_word' id='word_1_27' title='bbox 831 549 880 592; x_wconf 93' lang='lat' dir='ltr'><strong>et</strong></span> <span class='ocrx_word' id='word_1_28' title='bbox 908 544 1088 610; x_wconf 90' lang='lat' dir='ltr'><strong>aliquos</strong></span> <span class='ocrx_word' id='word_1_29' title='bbox 1112 545 1173 595; x_wconf 89' lang='lat' dir='ltr'><strong>de</strong></span> <span class='ocrx_word' id='word_1_30' title='bbox 1202 546 1376 612; x_wconf 82' lang='lat' dir='ltr'><strong>Lingua</strong></span> <span class='ocrx_word' id='word_1_31' title='bbox 1400 545 1530 595; x_wconf 88' lang='lat' dir='ltr'><strong>Occi-</strong></span> 
     </span>
     <span class='ocr_line' id='line_1_6' title="bbox 129 621 612 685; baseline 0 -16"><span class='ocrx_word' id='word_1_32' title='bbox 129 625 236 669; x_wconf 92' lang='lat' dir='ltr'><strong>tana</strong></span> <span class='ocrx_word' id='word_1_33' title='bbox 260 621 386 685; x_wconf 91' lang='lat' dir='ltr'><strong>apud</strong></span> <span class='ocrx_word' id='word_1_34' title='bbox 410 621 612 671; x_wconf 85' lang='lat' dir='ltr'><strong>Arriam.</strong></span> 
     </span>
    </p>

    <p class='ocr_par' dir='ltr' id='par_1_4' title="bbox 122 695 1532 1606">
     <span class='ocr_line' id='line_1_7' title="bbox 192 695 1530 756; baseline 0.001 -10"><span class='ocrx_word' id='word_1_35' title='bbox 192 698 358 747; x_wconf 88' lang='lat' dir='ltr'><strong>Comes</strong></span> <span class='ocrx_word' id='word_1_36' title='bbox 376 699 516 747; x_wconf 88' lang='lat' dir='ltr'><strong>etiam</strong></span> <span class='ocrx_word' id='word_1_37' title='bbox 542 695 755 746; x_wconf 85' lang='lat' dir='ltr'><strong>Flandrie</strong></span> <span class='ocrx_word' id='word_1_38' title='bbox 778 712 839 746; x_wconf 86' lang='lat' dir='ltr'><strong>ex</strong></span> <span class='ocrx_word' id='word_1_39' title='bbox 855 696 1075 756; x_wconf 82' lang='lat' dir='ltr'><strong>adverso,</strong></span> <span class='ocrx_word' id='word_1_40' title='bbox 1097 698 1224 747; x_wconf 91' lang='lat' dir='ltr'><strong>venit</strong></span> <span class='ocrx_word' id='word_1_41' title='bbox 1243 699 1303 748; x_wconf 89' lang='lat' dir='ltr'><strong>ad</strong></span> <span class='ocrx_word' id='word_1_42' title='bbox 1322 705 1530 748; x_wconf 90' lang='lat' dir='ltr'><strong>montem</strong></span> 
     </span>
     <span class='ocr_line' id='line_1_8' title="bbox 126 773 1527 840; baseline 0 -16"><span class='ocrx_word' id='word_1_43' title='bbox 126 775 312 824; x_wconf 88' lang='lat' dir='ltr'><strong>Casselli</strong></span> <span class='ocrx_word' id='word_1_44' title='bbox 334 790 442 824; x_wconf 89' lang='lat' dir='ltr'><strong>cum</strong></span> <span class='ocrx_word' id='word_1_45' title='bbox 460 790 628 840; x_wconf 87' lang='lat' dir='ltr'><strong>magna</strong></span> <span class='ocrx_word' id='word_1_46' title='bbox 653 773 872 824; x_wconf 80' lang='lat' dir='ltr'><strong>comitiva</strong></span> <span class='ocrx_word' id='word_1_47' title='bbox 896 774 1138 824; x_wconf 90' lang='lat' dir='ltr'><strong>hominum</strong></span> <span class='ocrx_word' id='word_1_48' title='bbox 1162 791 1422 832; x_wconf 85' lang='lat' dir='ltr'><strong>armorum,</strong></span> <span class='ocrx_word' id='word_1_49' title='bbox 1448 775 1527 840; x_wconf 93' lang='lat' dir='ltr'><strong>qui</strong></span> 
     </span>
     <span class='ocr_line' id='line_1_9' title="bbox 127 849 1526 916; baseline -0.001 -17"><span class='ocrx_word' id='word_1_50' title='bbox 127 850 324 900; x_wconf 91' lang='lat' dir='ltr'><strong>multum</strong></span> <span class='ocrx_word' id='word_1_51' title='bbox 359 849 491 899; x_wconf 91' lang='lat' dir='ltr'><strong>inviti</strong></span> <span class='ocrx_word' id='word_1_52' title='bbox 527 855 783 909; x_wconf 87' lang='lat' dir='ltr'><strong>venerunt,</strong></span> <span class='ocrx_word' id='word_1_53' title='bbox 826 855 1024 916; x_wconf 83' lang='lat' dir='ltr'><strong>propter</strong></span> <span class='ocrx_word' id='word_1_54' title='bbox 1060 849 1344 900; x_wconf 77' lang='lat' dir='ltr'><strong>sentenciam</strong></span> <span class='ocrx_word' id='word_1_55' title='bbox 1385 853 1526 914; x_wconf 87' lang='lat' dir='ltr'><strong>Pape.</strong></span> 
     </span>
     <span class='ocr_line' id='line_1_10' title="bbox 126 925 1531 993; baseline -0.001 -17"><span class='ocrx_word' id='word_1_56' title='bbox 126 928 335 991; x_wconf 86' lang='lat' dir='ltr'>Cumque</span> <span class='ocrx_word' id='word_1_57' title='bbox 364 925 539 976; x_wconf 87' lang='lat' dir='ltr'><strong>ibidem</strong></span> <span class='ocrx_word' id='word_1_58' title='bbox 571 933 905 993; x_wconf 74' lang='lat' dir='ltr'><strong>congregasset</strong></span> <span class='ocrx_word' id='word_1_59' title='bbox 934 943 1035 986; x_wconf 83' lang='lat' dir='ltr'><strong>eos,</strong></span> <span class='ocrx_word' id='word_1_60' title='bbox 1063 927 1171 977; x_wconf 83' lang='lat' dir='ltr'><strong>fecit</strong></span> <span class='ocrx_word' id='word_1_61' title='bbox 1193 926 1384 977; x_wconf 84' lang='lat' dir='ltr'><strong>extendi</strong></span> <span class='ocrx_word' id='word_1_62' title='bbox 1414 943 1531 992; x_wconf 89' lang='lat' dir='ltr'><strong>pan-</strong></span> 
     </span>
     <span class='ocr_line' id='line_1_11' title="bbox 125 1003 1532 1070; baseline 0 -18"><span class='ocrx_word' id='word_1_63' title='bbox 125 1019 240 1052; x_wconf 90' lang='lat' dir='ltr'><strong>num</strong></span> <span class='ocrx_word' id='word_1_64' title='bbox 270 1019 413 1069; x_wconf 88' lang='lat' dir='ltr'><strong>super</strong></span> <span class='ocrx_word' id='word_1_65' title='bbox 433 1019 643 1061; x_wconf 88' lang='lat' dir='ltr'><strong>currum,</strong></span> <span class='ocrx_word' id='word_1_66' title='bbox 671 1003 841 1053; x_wconf 87' lang='lat' dir='ltr'><strong>deinde</strong></span> <span class='ocrx_word' id='word_1_67' title='bbox 865 1003 997 1054; x_wconf 79' lang='lat' dir='ltr'><strong>afferi</strong></span> <span class='ocrx_word' id='word_1_68' title='bbox 1022 1019 1168 1053; x_wconf 92' lang='lat' dir='ltr'><strong>unum</strong></span> <span class='ocrx_word' id='word_1_69' title='bbox 1192 1019 1393 1070; x_wconf 85' lang='lat' dir='ltr'><strong>parvum</strong></span> <span class='ocrx_word' id='word_1_70' title='bbox 1417 1003 1532 1053; x_wconf 86' lang='lat' dir='ltr'><strong>scri-</strong></span> 
     </span>
     <span class='ocr_line' id='line_1_12' title="bbox 127 1079 1532 1147; baseline 0 -19"><span class='ocrx_word' id='word_1_71' title='bbox 127 1079 256 1129; x_wconf 90' lang='lat' dir='ltr'><strong>nium</strong></span> <span class='ocrx_word' id='word_1_72' title='bbox 270 1079 330 1129; x_wconf 90' lang='lat' dir='ltr'><strong>de</strong></span> <span class='ocrx_word' id='word_1_73' title='bbox 349 1079 500 1138; x_wconf 88' lang='lat' dir='ltr'><strong>corio;</strong></span> <span class='ocrx_word' id='word_1_74' title='bbox 522 1080 650 1145; x_wconf 93' lang='lat' dir='ltr'><strong>quod</strong></span> <span class='ocrx_word' id='word_1_75' title='bbox 674 1079 865 1146; x_wconf 88' lang='lat' dir='ltr'><strong>quidem</strong></span> <span class='ocrx_word' id='word_1_76' title='bbox 889 1081 1104 1147; x_wconf 87' lang='lat' dir='ltr'><strong>aperiens</strong></span> <span class='ocrx_word' id='word_1_77' title='bbox 1128 1080 1307 1130; x_wconf 77' lang='lat' dir='ltr'><strong>eunctis</strong></span> <span class='ocrx_word' id='word_1_78' title='bbox 1331 1079 1532 1129; x_wconf 88' lang='lat' dir='ltr'><strong>videnti-</strong></span> 
     </span>
     <span class='ocr_line' id='line_1_13' title="bbox 122 1155 1531 1224; baseline 0.001 -19"><span class='ocrx_word' id='word_1_79' title='bbox 122 1156 231 1215; x_wconf 85' lang='lat' dir='ltr'><strong>bus,</strong></span> <span class='ocrx_word' id='word_1_80' title='bbox 249 1156 453 1205; x_wconf 80' lang='lat' dir='ltr'><strong>extraxit</strong></span> <span class='ocrx_word' id='word_1_81' title='bbox 468 1156 696 1222; x_wconf 88' lang='lat' dir='ltr'><strong>quasdam</strong></span> <span class='ocrx_word' id='word_1_82' title='bbox 714 1157 906 1215; x_wconf 89' lang='lat' dir='ltr'><strong>litteras,</strong></span> <span class='ocrx_word' id='word_1_83' title='bbox 923 1157 1075 1224; x_wconf 85' lang='lat' dir='ltr'><strong>sigillo</strong></span> <span class='ocrx_word' id='word_1_84' title='bbox 1093 1155 1310 1224; x_wconf 82' lang='lat' dir='ltr'><strong>Philippi,</strong></span> <span class='ocrx_word' id='word_1_85' title='bbox 1331 1156 1531 1207; x_wconf 87' lang='lat' dir='ltr'><strong>condam</strong></span> 
     </span>
     <span class='ocr_line' id='line_1_14' title="bbox 125 1232 1528 1300; baseline 0.001 -19"><span class='ocrx_word' id='word_1_86' title='bbox 125 1233 250 1299; x_wconf 85' lang='lat' dir='ltr'><strong>regis</strong></span> <span class='ocrx_word' id='word_1_87' title='bbox 281 1233 472 1282; x_wconf 85' lang='lat' dir='ltr'><strong>Francie</strong></span> <span class='ocrx_word' id='word_1_88' title='bbox 502 1233 740 1299; x_wconf 85' lang='lat' dir='ltr'><strong>sigillatas,</strong></span> <span class='ocrx_word' id='word_1_89' title='bbox 772 1233 1070 1300; x_wconf 76' lang='lat' dir='ltr'><strong>tangentibus</strong></span> <span class='ocrx_word' id='word_1_90' title='bbox 1099 1232 1229 1299; x_wconf 71' lang='lat' dir='ltr'><strong>quod</strong></span> <span class='ocrx_word' id='word_1_91' title='bbox 1258 1233 1528 1292; x_wconf 83' lang='lat' dir='ltr'><strong>Balduinus,</strong></span> 
     </span>
     <span class='ocr_line' id='line_1_15' title="bbox 124 1308 1532 1366; baseline 0.001 -8"><span class='ocrx_word' id='word_1_92' title='bbox 124 1308 324 1358; x_wconf 89' lang='lat' dir='ltr'><strong>condam</strong></span> <span class='ocrx_word' id='word_1_93' title='bbox 341 1325 500 1359; x_wconf 88' lang='lat' dir='ltr'><strong>comes</strong></span> <span class='ocrx_word' id='word_1_94' title='bbox 519 1309 733 1359; x_wconf 83' lang='lat' dir='ltr'><strong>Flandrie</strong></span> <span class='ocrx_word' id='word_1_95' title='bbox 751 1316 799 1359; x_wconf 91' lang='lat' dir='ltr'><strong>et</strong></span> <span class='ocrx_word' id='word_1_96' title='bbox 812 1310 1037 1366; x_wconf 76' lang='lat' dir='ltr'><strong>Hanonie.</strong></span> <span class='ocrx_word' id='word_1_97' title='bbox 1056 1309 1376 1360; x_wconf 81' lang='lat' dir='ltr'><strong>invadiaverat</strong></span> <span class='ocrx_word' id='word_1_98' title='bbox 1392 1312 1532 1360; x_wconf 89' lang='lat' dir='ltr'><strong>Sanc-</strong></span> 
     </span>
     <span class='ocr_line' id='line_1_16' title="bbox 125 1384 1532 1453; baseline 0.001 -20"><span class='ocrx_word' id='word_1_99' title='bbox 125 1388 226 1433; x_wconf 90' lang='lat' dir='ltr'><strong>tum</strong></span> <span class='ocrx_word' id='word_1_100' title='bbox 256 1384 576 1435; x_wconf 81' lang='lat' dir='ltr'><strong>Andomarum</strong></span> <span class='ocrx_word' id='word_1_101' title='bbox 606 1392 654 1435; x_wconf 90' lang='lat' dir='ltr'><strong>et</strong></span> <span class='ocrx_word' id='word_1_102' title='bbox 677 1386 860 1436; x_wconf 80' lang='lat' dir='ltr'><strong>Arriam</strong></span> <span class='ocrx_word' id='word_1_103' title='bbox 887 1403 975 1452; x_wconf 87' lang='lat' dir='ltr'><strong>pro</strong></span> <span class='ocrx_word' id='word_1_104' title='bbox 999 1387 1152 1453; x_wconf 88' lang='lat' dir='ltr'><strong>spatio</strong></span> <span class='ocrx_word' id='word_1_105' title='bbox 1174 1392 1361 1436; x_wconf 89' lang='lat' dir='ltr'><strong>centum</strong></span> <span class='ocrx_word' id='word_1_106' title='bbox 1387 1402 1532 1436; x_wconf 91' lang='lat' dir='ltr'><strong>anno-</strong></span> 
     </span>
     <span class='ocr_line' id='line_1_17' title="bbox 125 1463 1532 1530; baseline 0.002 -21"><span class='ocrx_word' id='word_1_107' title='bbox 125 1476 255 1518; x_wconf 83' lang='lat' dir='ltr'><strong>rum‚.</strong></span> <span class='ocrx_word' id='word_1_108' title='bbox 278 1478 367 1527; x_wconf 91' lang='lat' dir='ltr'><strong>pro</strong></span> <span class='ocrx_word' id='word_1_109' title='bbox 397 1479 489 1511; x_wconf 88' lang='lat' dir='ltr'><strong>una</strong></span> <span class='ocrx_word' id='word_1_110' title='bbox 518 1479 702 1513; x_wconf 88' lang='lat' dir='ltr'><strong>summa</strong></span> <span class='ocrx_word' id='word_1_111' title='bbox 732 1464 913 1530; x_wconf 87' lang='lat' dir='ltr'><strong>argenti</strong></span> <span class='ocrx_word' id='word_1_112' title='bbox 938 1479 1080 1528; x_wconf 90' lang='lat' dir='ltr'><strong>quam</strong></span> <span class='ocrx_word' id='word_1_113' title='bbox 1113 1481 1199 1514; x_wconf 86' lang='lat' dir='ltr'><strong>rex</strong></span> <span class='ocrx_word' id='word_1_114' title='bbox 1229 1463 1318 1512; x_wconf 82' lang='lat' dir='ltr'><strong>sibi</strong></span> <span class='ocrx_word' id='word_1_115' title='bbox 1349 1479 1532 1513; x_wconf 89' lang='lat' dir='ltr'><strong>accom-</strong></span> 
     </span>
     <span class='ocr_line' id='line_1_18' title="bbox 125 1536 1382 1606; baseline 0.002 -20"><span class='ocrx_word' id='word_1_116' title='bbox 125 1536 399 1587; x_wconf 87' lang='lat' dir='ltr'><strong>modaverat</strong></span> <span class='ocrx_word' id='word_1_117' title='bbox 424 1556 513 1605; x_wconf 92' lang='lat' dir='ltr'><strong>pro</strong></span> <span class='ocrx_word' id='word_1_118' title='bbox 539 1555 626 1589; x_wconf 87' lang='lat' dir='ltr'><strong>suo</strong></span> <span class='ocrx_word' id='word_1_119' title='bbox 648 1539 803 1606; x_wconf 86' lang='lat' dir='ltr'><strong>viagio</strong></span> <span class='ocrx_word' id='word_1_120' title='bbox 826 1539 1382 1606; x_wconf 87' lang='lat' dir='ltr'><strong>Constantinopolitano¹.</strong></span> 
     </span>
    </p>

    <p class='ocr_par' dir='ltr' id='par_1_5' title="bbox 128 1615 1532 1758">
     <span class='ocr_line' id='line_1_19' title="bbox 190 1615 1532 1681; baseline 0.001 -18"><span class='ocrx_word' id='word_1_121' title='bbox 190 1617 282 1664; x_wconf 86' lang='lat' dir='ltr'><strong>Has</strong></span> <span class='ocrx_word' id='word_1_122' title='bbox 312 1615 489 1665; x_wconf 75' lang='lat' dir='ltr'><strong>litteras</strong></span> <span class='ocrx_word' id='word_1_123' title='bbox 513 1616 810 1674; x_wconf 77' lang='lat' dir='ltr'><strong>ostendens²,</strong></span> <span class='ocrx_word' id='word_1_124' title='bbox 838 1616 1023 1666; x_wconf 89' lang='lat' dir='ltr'><strong>dicebat</strong></span> <span class='ocrx_word' id='word_1_125' title='bbox 1051 1635 1062 1665; x_wconf 89' lang='lat'>:</span> <span class='ocrx_word' id='word_1_126' title='bbox 1096 1636 1118 1663; x_wconf 77' lang='grc' dir='ltr'>ι</span> <span class='ocrx_word' id='word_1_127' title='bbox 1147 1616 1309 1668; x_wconf 87' lang='lat' dir='ltr'><strong>Videte</strong></span> <span class='ocrx_word' id='word_1_128' title='bbox 1333 1615 1532 1681; x_wconf 85' lang='lat' dir='ltr'><strong>qualiter</strong></span> 
     </span>
     <span class='ocr_line' id='line_1_20' title="bbox 128 1690 1531 1758; baseline 0.003 -21"><span class='ocrx_word' id='word_1_129' title='bbox 128 1709 149 1736; x_wconf 82' lang='lat'>‹</span> <span class='ocrx_word' id='word_1_130' title='bbox 181 1690 354 1741; x_wconf 88' lang='lat' dir='ltr'><strong>bonam</strong></span> <span class='ocrx_word' id='word_1_131' title='bbox 383 1709 572 1743; x_wconf 89' lang='lat' dir='ltr'><strong>causam</strong></span> <span class='ocrx_word' id='word_1_132' title='bbox 601 1693 750 1742; x_wconf 88' lang='lat' dir='ltr'><strong>habeo</strong></span> <span class='ocrx_word' id='word_1_133' title='bbox 773 1692 833 1742; x_wconf 90' lang='lat' dir='ltr'><strong>ad</strong></span> <span class='ocrx_word' id='word_1_134' title='bbox 855 1693 1192 1758; x_wconf 88' lang='lat' dir='ltr'><strong>acquirendum</strong></span> <span class='ocrx_word' id='word_1_135' title='bbox 1217 1692 1351 1742; x_wconf 86' lang='lat' dir='ltr'><strong>villas</strong></span> <span class='ocrx_word' id='word_1_136' title='bbox 1374 1693 1531 1742; x_wconf 83' lang='lat' dir='ltr'><strong>Sancti</strong></span> 
     </span>
    </p>
   </div>
   <div class='ocr_carea' id='block_1_4' title="bbox 122 1847 1531 2889">
    <p class='ocr_par' dir='ltr' id='par_1_6' title="bbox 122 1847 1531 2664">
     <span class='ocr_line' id='line_1_21' title="bbox 170 1847 1531 1898; baseline -0.001 -10"><span class='ocrx_word' id='word_1_137' title='bbox 170 1851 204 1888; x_wconf 87' lang='grc'><strong>1.</strong></span> <span class='ocrx_word' id='word_1_138' title='bbox 226 1847 619 1898; x_wconf 80' lang='lat' dir='ltr'><strong>Philippo-Auguste,</strong></span> <span class='ocrx_word' id='word_1_139' title='bbox 650 1860 721 1898; x_wconf 83' lang='lat' dir='ltr'><strong>par</strong></span> <span class='ocrx_word' id='word_1_140' title='bbox 750 1849 786 1889; x_wconf 80' lang='lat' dir='ltr'><strong>le</strong></span> <span class='ocrx_word' id='word_1_141' title='bbox 813 1849 930 1888; x_wconf 69' lang='lat' dir='ltr'><strong>traita</strong></span> <span class='ocrx_word' id='word_1_142' title='bbox 956 1849 1004 1888; x_wconf 85' lang='lat' dir='ltr'><strong>de</strong></span> <span class='ocrx_word' id='word_1_143' title='bbox 1030 1850 1226 1898; x_wconf 71' lang='lat' dir='ltr'><strong>peronne,</strong></span> <span class='ocrx_word' id='word_1_144' title='bbox 1251 1849 1302 1888; x_wconf 91' lang='lat' dir='ltr'><strong>du</strong></span> <span class='ocrx_word' id='word_1_145' title='bbox 1330 1849 1354 1888; x_wconf 74' lang='lat'><strong>2</strong></span> <span class='ocrx_word' id='word_1_146' title='bbox 1378 1849 1531 1898; x_wconf 70' lang='lat' dir='ltr'><strong>Janvier</strong></span> 
     </span>
     <span class='ocr_line' id='line_1_22' title="bbox 125 1907 1530 1957; baseline -0.001 -9"><span class='ocrx_word' id='word_1_147' title='bbox 125 1909 217 1948; x_wconf 77' lang='lat'>¹200</span> <span class='ocrx_word' id='word_1_148' title='bbox 237 1909 294 1955; x_wconf 86' lang='lat' dir='ltr'><strong>(L.</strong></span> <span class='ocrx_word' id='word_1_149' title='bbox 315 1907 477 1955; x_wconf 73' lang='grc'><strong>0811818,</strong></span> <span class='ocrx_word' id='word_1_150' title='bbox 507 1908 706 1956; x_wconf 73' lang='lat' dir='ltr'><strong>Galaloouo</strong></span> <span class='ocrx_word' id='word_1_151' title='bbox 731 1909 790 1946; x_wconf 73' lang='lat' dir='ltr'><strong>aas</strong></span> <span class='ocrx_word' id='word_1_152' title='bbox 815 1912 910 1947; x_wconf 74' lang='lat' dir='ltr'><strong>acm</strong></span> <span class='ocrx_word' id='word_1_153' title='bbox 929 1910 972 1947; x_wconf 73' lang='lat' dir='ltr'><strong>do</strong></span> <span class='ocrx_word' id='word_1_154' title='bbox 997 1909 1362 1957; x_wconf 60' lang='lat' dir='ltr'><strong>Philippo-duona,</strong></span> <span class='ocrx_word' id='word_1_155' title='bbox 1386 1919 1424 1957; x_wconf 88' lang='lat' dir='ltr'><strong>p.</strong></span> <span class='ocrx_word' id='word_1_156' title='bbox 1447 1908 1530 1957; x_wconf 80' lang='lat'><strong>137,</strong></span> 
     </span>
     <span class='ocr_line' id='line_1_23' title="bbox 125 1964 1530 2014; baseline -0.001 -10"><span class='ocrx_word' id='word_1_157' title='bbox 125 1974 169 2004; x_wconf 84' lang='lat'><strong>11⁰</strong></span> <span class='ocrx_word' id='word_1_158' title='bbox 187 1965 284 2013; x_wconf 81' lang='lat'><strong>579),</strong></span> <span class='ocrx_word' id='word_1_159' title='bbox 305 1964 431 2004; x_wconf 81' lang='lat' dir='ltr'><strong>rendit</strong></span> <span class='ocrx_word' id='word_1_160' title='bbox 445 1976 494 2004; x_wconf 90' lang='lat' dir='ltr'><strong>au</strong></span> <span class='ocrx_word' id='word_1_161' title='bbox 514 1966 709 2004; x_wconf 84' lang='lat' dir='ltr'><strong>contraire</strong></span> <span class='ocrx_word' id='word_1_162' title='bbox 722 1966 746 2005; x_wconf 67' lang='lat' dir='ltr'><strong>a</strong></span> <span class='ocrx_word' id='word_1_163' title='bbox 766 1965 988 2014; x_wconf 86' lang='lat' dir='ltr'><strong>Baudouin,</strong></span> <span class='ocrx_word' id='word_1_164' title='bbox 1009 1972 1136 2004; x_wconf 85' lang='lat' dir='ltr'><strong>comte</strong></span> <span class='ocrx_word' id='word_1_165' title='bbox 1149 1966 1197 2004; x_wconf 84' lang='lat' dir='ltr'><strong>do</strong></span> <span class='ocrx_word' id='word_1_166' title='bbox 1216 1965 1398 2014; x_wconf 69' lang='lat' dir='ltr'><strong>mandre,</strong></span> <span class='ocrx_word' id='word_1_167' title='bbox 1419 1971 1530 2004; x_wconf 84' lang='lat' dir='ltr'><strong>entre</strong></span> 
     </span>
     <span class='ocr_line' id='line_1_24' title="bbox 124 2022 1530 2074; baseline -0.001 -11"><span class='ocrx_word' id='word_1_168' title='bbox 124 2029 255 2063; x_wconf 74' lang='lat' dir='ltr'><strong>autres</strong></span> <span class='ocrx_word' id='word_1_169' title='bbox 285 2028 427 2071; x_wconf 76' lang='lat' dir='ltr'><strong>torres,</strong></span> <span class='ocrx_word' id='word_1_170' title='bbox 458 2022 728 2062; x_wconf 83' lang='lat' dir='ltr'><strong>Saint-Omer</strong></span> <span class='ocrx_word' id='word_1_171' title='bbox 764 2029 803 2062; x_wconf 84' lang='lat' dir='ltr'><strong>et</strong></span> <span class='ocrx_word' id='word_1_172' title='bbox 830 2024 926 2062; x_wconf 84' lang='lat' dir='ltr'><strong>Aire</strong></span> <span class='ocrx_word' id='word_1_173' title='bbox 959 2035 1054 2062; x_wconf 84' lang='lat' dir='ltr'><strong>avec</strong></span> <span class='ocrx_word' id='word_1_174' title='bbox 1087 2025 1192 2062; x_wconf 84' lang='lat' dir='ltr'><strong>leurs</strong></span> <span class='ocrx_word' id='word_1_175' title='bbox 1223 2030 1530 2074; x_wconf 83' lang='lat' dir='ltr'><strong>appartenances</strong></span> 
     </span>
     <span class='ocr_line' id='line_1_25' title="bbox 125 2083 1530 2132; baseline -0.001 -9"><span class='ocrx_word' id='word_1_176' title='bbox 125 2085 274 2131; x_wconf 67' lang='lat' dir='ltr'><strong>(Hi-nor.</strong></span> <span class='ocrx_word' id='word_1_177' title='bbox 295 2085 338 2121; x_wconf 73' lang='lat' dir='ltr'><strong>do</strong></span> <span class='ocrx_word' id='word_1_178' title='bbox 356 2086 431 2132; x_wconf 55' lang='lat' dir='ltr'><strong>Fr„</strong></span> <span class='ocrx_word' id='word_1_179' title='bbox 455 2089 484 2122; x_wconf 89' lang='lat' dir='ltr'><strong>t.</strong></span> <span class='ocrx_word' id='word_1_180' title='bbox 507 2083 661 2131; x_wconf 85' lang='lat' dir='ltr'>XVIII,</span> <span class='ocrx_word' id='word_1_181' title='bbox 688 2095 724 2132; x_wconf 84' lang='lat' dir='ltr'><strong>p.</strong></span> <span class='ocrx_word' id='word_1_182' title='bbox 749 2084 843 2128; x_wconf 76' lang='lat'><strong>552).</strong></span> <span class='ocrx_word' id='word_1_183' title='bbox 873 2084 988 2132; x_wconf 71' lang='lat' dir='ltr'><strong>Mais,</strong></span> <span class='ocrx_word' id='word_1_184' title='bbox 1013 2083 1049 2122; x_wconf 85' lang='grc'><strong>18</strong></span> <span class='ocrx_word' id='word_1_185' title='bbox 1073 2084 1119 2122; x_wconf 75' lang='lat'><strong>25</strong></span> <span class='ocrx_word' id='word_1_186' title='bbox 1145 2083 1414 2132; x_wconf 65' lang='lat' dir='ltr'><strong>temen-12¹2,</strong></span> <span class='ocrx_word' id='word_1_187' title='bbox 1433 2084 1530 2122; x_wconf 79' lang='lat' dir='ltr'><strong>Fer·</strong></span> 
     </span>
     <span class='ocr_line' id='line_1_26' title="bbox 124 2142 1529 2193; baseline 0 -11"><span class='ocrx_word' id='word_1_188' title='bbox 124 2143 235 2190; x_wconf 78' lang='lat' dir='ltr'><strong>rand,</strong></span> <span class='ocrx_word' id='word_1_189' title='bbox 256 2148 382 2183; x_wconf 82' lang='lat' dir='ltr'><strong>comte</strong></span> <span class='ocrx_word' id='word_1_190' title='bbox 401 2143 448 2182; x_wconf 84' lang='lat' dir='ltr'><strong>de</strong></span> <span class='ocrx_word' id='word_1_191' title='bbox 469 2143 648 2190; x_wconf 72' lang='lat' dir='ltr'><strong>mandre,</strong></span> <span class='ocrx_word' id='word_1_192' title='bbox 669 2143 764 2182; x_wconf 78' lang='lat' dir='ltr'><strong>ceda</strong></span> <span class='ocrx_word' id='word_1_193' title='bbox 782 2143 807 2181; x_wconf 72' lang='lat' dir='ltr'><strong>a</strong></span> <span class='ocrx_word' id='word_1_194' title='bbox 833 2143 964 2192; x_wconf 86' lang='lat' dir='ltr'><strong>Louis,</strong></span> <span class='ocrx_word' id='word_1_195' title='bbox 991 2143 1052 2181; x_wconf 83' lang='lat' dir='ltr'><strong>fils</strong></span> <span class='ocrx_word' id='word_1_196' title='bbox 1071 2143 1118 2182; x_wconf 87' lang='grc'><strong>(18</strong></span> <span class='ocrx_word' id='word_1_197' title='bbox 1143 2142 1529 2193; x_wconf 78' lang='lat' dir='ltr'><strong>Philippa-Augusto,</strong></span> 
     </span>
     <span class='ocr_line' id='line_1_27' title="bbox 122 2201 1529 2251; baseline 0.003 -11"><span class='ocrx_word' id='word_1_198' title='bbox 122 2203 179 2240; x_wconf 82' lang='lat' dir='ltr'><strong>les</strong></span> <span class='ocrx_word' id='word_1_199' title='bbox 199 2201 309 2241; x_wconf 77' lang='lat' dir='ltr'><strong>vines</strong></span> <span class='ocrx_word' id='word_1_200' title='bbox 328 2202 375 2240; x_wconf 87' lang='lat' dir='ltr'><strong>de</strong></span> <span class='ocrx_word' id='word_1_201' title='bbox 395 2202 645 2241; x_wconf 76' lang='lat' dir='ltr'><strong>Salat-Omm-</strong></span> <span class='ocrx_word' id='word_1_202' title='bbox 657 2209 696 2240; x_wconf 84' lang='lat' dir='ltr'><strong>et</strong></span> <span class='ocrx_word' id='word_1_203' title='bbox 709 2203 856 2250; x_wconf 81' lang='lat' dir='ltr'><strong>d’Aire,</strong></span> <span class='ocrx_word' id='word_1_204' title='bbox 876 2204 899 2240; x_wconf 72' lang='lat' dir='ltr'><strong>a</strong></span> <span class='ocrx_word' id='word_1_205' title='bbox 918 2203 1007 2241; x_wconf 80' lang='lat' dir='ltr'><strong>titre</strong></span> <span class='ocrx_word' id='word_1_206' title='bbox 1034 2203 1080 2242; x_wconf 87' lang='lat' dir='ltr'><strong>de</strong></span> <span class='ocrx_word' id='word_1_207' title='bbox 1108 2204 1351 2242; x_wconf 86' lang='lat' dir='ltr'><strong>transaction</strong></span> <span class='ocrx_word' id='word_1_208' title='bbox 1373 2204 1430 2251; x_wconf 89' lang='lat' dir='ltr'><strong>(L.</strong></span> <span class='ocrx_word' id='word_1_209' title='bbox 1454 2203 1529 2244; x_wconf 76' lang='lat' dir='ltr'><strong>De·</strong></span> 
     </span>
     <span class='ocr_line' id='line_1_28' title="bbox 124 2261 1530 2312; baseline 0.001 -13"><span class='ocrx_word' id='word_1_210' title='bbox 124 2261 223 2309; x_wconf 82' lang='lat' dir='ltr'><strong>lisle,</strong></span> <span class='ocrx_word' id='word_1_211' title='bbox 243 2262 440 2310; x_wconf 71' lang='lat' dir='ltr'><strong>Octaloauo</strong></span> <span class='ocrx_word' id='word_1_212' title='bbox 457 2263 518 2299; x_wconf 75' lang='lat' dir='ltr'><strong>dos</strong></span> <span class='ocrx_word' id='word_1_213' title='bbox 536 2267 631 2301; x_wconf 76' lang='lat' dir='ltr'><strong>actos</strong></span> <span class='ocrx_word' id='word_1_214' title='bbox 650 2263 693 2299; x_wconf 75' lang='lat' dir='ltr'><strong>de</strong></span> <span class='ocrx_word' id='word_1_215' title='bbox 718 2264 1075 2310; x_wconf 62' lang='lat' dir='ltr'><strong>Philippo-Augusto,</strong></span> <span class='ocrx_word' id='word_1_216' title='bbox 1097 2274 1135 2312; x_wconf 87' lang='lat' dir='ltr'><strong>p.</strong></span> <span class='ocrx_word' id='word_1_217' title='bbox 1157 2262 1241 2310; x_wconf 78' lang='lat'>307,</span> <span class='ocrx_word' id='word_1_218' title='bbox 1261 2270 1307 2300; x_wconf 81' lang='lat' dir='ltr'><strong>n⁰</strong></span> <span class='ocrx_word' id='word_1_219' title='bbox 1329 2261 1458 2308; x_wconf 74' lang='lat'><strong>1349);</strong></span> <span class='ocrx_word' id='word_1_220' title='bbox 1479 2273 1530 2300; x_wconf 87' lang='lat' dir='ltr'><strong>en</strong></span> 
     </span>
     <span class='ocr_line' id='line_1_29' title="bbox 124 2319 1531 2370; baseline 0 -12"><span class='ocrx_word' id='word_1_221' title='bbox 124 2325 207 2358; x_wconf 75' lang='lat' dir='ltr'><strong>tout</strong></span> <span class='ocrx_word' id='word_1_222' title='bbox 226 2330 308 2368; x_wconf 83' lang='lat' dir='ltr'><strong>cas,</strong></span> <span class='ocrx_word' id='word_1_223' title='bbox 328 2330 373 2358; x_wconf 81' lang='lat' dir='ltr'><strong>co</strong></span> <span class='ocrx_word' id='word_1_224' title='bbox 393 2319 527 2358; x_wconf 72' lang='lat' dir='ltr'><strong>n&#39;etait</strong></span> <span class='ocrx_word' id='word_1_225' title='bbox 546 2332 614 2369; x_wconf 82' lang='lat' dir='ltr'><strong>pas</strong></span> <span class='ocrx_word' id='word_1_226' title='bbox 638 2332 735 2370; x_wconf 89' lang='lat' dir='ltr'><strong>pour</strong></span> <span class='ocrx_word' id='word_1_227' title='bbox 755 2332 795 2359; x_wconf 83' lang='lat' dir='ltr'><strong>se</strong></span> <span class='ocrx_word' id='word_1_228' title='bbox 822 2332 1006 2370; x_wconf 83' lang='lat' dir='ltr'><strong>procurer</strong></span> <span class='ocrx_word' id='word_1_229' title='bbox 1030 2322 1099 2359; x_wconf 82' lang='lat' dir='ltr'><strong>des</strong></span> <span class='ocrx_word' id='word_1_230' title='bbox 1124 2321 1235 2359; x_wconf 76' lang='lat' dir='ltr'><strong>fonds</strong></span> <span class='ocrx_word' id='word_1_231' title='bbox 1260 2332 1310 2359; x_wconf 84' lang='lat' dir='ltr'><strong>en</strong></span> <span class='ocrx_word' id='word_1_232' title='bbox 1330 2332 1405 2359; x_wconf 82' lang='lat' dir='ltr'><strong>vua</strong></span> <span class='ocrx_word' id='word_1_233' title='bbox 1424 2320 1471 2358; x_wconf 84' lang='lat' dir='ltr'><strong>de</strong></span> <span class='ocrx_word' id='word_1_234' title='bbox 1492 2321 1531 2358; x_wconf 84' lang='lat' dir='ltr'><strong>la</strong></span> 
     </span>
     <span class='ocr_line' id='line_1_30' title="bbox 124 2376 1527 2427; baseline 0.001 -12"><span class='ocrx_word' id='word_1_235' title='bbox 124 2376 317 2417; x_wconf 79' lang='lat' dir='ltr'><strong>Croisade.</strong></span> <span class='ocrx_word' id='word_1_236' title='bbox 354 2378 430 2416; x_wconf 85' lang='lat' dir='ltr'><strong>Les</strong></span> <span class='ocrx_word' id='word_1_237' title='bbox 461 2380 666 2418; x_wconf 65' lang='lat' dir='ltr'><strong>ancienne-s</strong></span> <span class='ocrx_word' id='word_1_238' title='bbox 691 2381 909 2427; x_wconf 58' lang='lat' dir='ltr'><strong>chronique„</strong></span> <span class='ocrx_word' id='word_1_239' title='bbox 941 2382 983 2417; x_wconf 81' lang='lat' dir='ltr'><strong>de</strong></span> <span class='ocrx_word' id='word_1_240' title='bbox 1014 2381 1174 2418; x_wconf 70' lang='lat' dir='ltr'><strong>manare</strong></span> <span class='ocrx_word' id='word_1_241' title='bbox 1197 2381 1350 2426; x_wconf 70' lang='lat' dir='ltr'><strong>(Hi-seor.</strong></span> <span class='ocrx_word' id='word_1_242' title='bbox 1381 2380 1423 2416; x_wconf 75' lang='lat' dir='ltr'><strong>ds</strong></span> <span class='ocrx_word' id='word_1_243' title='bbox 1450 2380 1527 2422; x_wconf 70' lang='lat' dir='ltr'><strong>Fr..</strong></span> 
     </span>
     <span class='ocr_line' id='line_1_31' title="bbox 122 2435 1529 2488; baseline 0.001 -14"><span class='ocrx_word' id='word_1_244' title='bbox 122 2440 150 2474; x_wconf 80' lang='lat' dir='ltr'><strong>t.</strong></span> <span class='ocrx_word' id='word_1_245' title='bbox 174 2435 311 2485; x_wconf 85' lang='lat' dir='ltr'>XXII,</span> <span class='ocrx_word' id='word_1_246' title='bbox 330 2447 367 2487; x_wconf 86' lang='lat' dir='ltr'><strong>p.</strong></span> <span class='ocrx_word' id='word_1_247' title='bbox 388 2437 471 2475; x_wconf 73' lang='lat'>⁴09.</span> <span class='ocrx_word' id='word_1_248' title='bbox 489 2458 534 2467; x_wconf 91' lang='lat'>—</span> <span class='ocrx_word' id='word_1_249' title='bbox 546 2437 604 2476; x_wconf 79' lang='lat' dir='ltr'><strong>Cf.</strong></span> <span class='ocrx_word' id='word_1_250' title='bbox 627 2440 739 2476; x_wconf 73' lang='lat' dir='ltr'><strong>Istoro</strong></span> <span class='ocrx_word' id='word_1_251' title='bbox 758 2444 792 2476; x_wconf 75' lang='lat' dir='ltr'><strong>ot</strong></span> <span class='ocrx_word' id='word_1_252' title='bbox 810 2442 1002 2486; x_wconf 75' lang='lat' dir='ltr'><strong>oroniquos</strong></span> <span class='ocrx_word' id='word_1_253' title='bbox 1021 2440 1063 2476; x_wconf 81' lang='lat' dir='ltr'><strong>do</strong></span> <span class='ocrx_word' id='word_1_254' title='bbox 1082 2440 1272 2482; x_wconf 71' lang='lat' dir='ltr'><strong>Plenam,</strong></span> <span class='ocrx_word' id='word_1_255' title='bbox 1288 2444 1317 2477; x_wconf 86' lang='lat' dir='ltr'><strong>t.</strong></span> <span class='ocrx_word' id='word_1_256' title='bbox 1338 2438 1373 2486; x_wconf 92' lang='lat'><strong>1,</strong></span> <span class='ocrx_word' id='word_1_257' title='bbox 1392 2450 1430 2488; x_wconf 86' lang='lat' dir='ltr'><strong>p.</strong></span> <span class='ocrx_word' id='word_1_258' title='bbox 1445 2437 1529 2481; x_wconf 85' lang='grc'><strong>313)</strong></span> 
     </span>
     <span class='ocr_line' id='line_1_32' title="bbox 122 2493 1531 2545; baseline 0.002 -13"><span class='ocrx_word' id='word_1_259' title='bbox 122 2493 251 2533; x_wconf 82' lang='lat' dir='ltr'><strong>disent</strong></span> <span class='ocrx_word' id='word_1_260' title='bbox 268 2495 292 2532; x_wconf 69' lang='lat' dir='ltr'><strong>a</strong></span> <span class='ocrx_word' id='word_1_261' title='bbox 310 2500 388 2533; x_wconf 88' lang='lat' dir='ltr'><strong>tort</strong></span> <span class='ocrx_word' id='word_1_262' title='bbox 415 2507 490 2545; x_wconf 85' lang='lat' dir='ltr'><strong>que</strong></span> <span class='ocrx_word' id='word_1_263' title='bbox 516 2496 573 2535; x_wconf 86' lang='lat' dir='ltr'><strong>les</strong></span> <span class='ocrx_word' id='word_1_264' title='bbox 597 2497 733 2536; x_wconf 81' lang='lat' dir='ltr'><strong>lettres</strong></span> <span class='ocrx_word' id='word_1_265' title='bbox 759 2498 984 2536; x_wconf 73' lang='lat' dir='ltr'><strong>emanaient</strong></span> <span class='ocrx_word' id='word_1_266' title='bbox 1009 2496 1056 2535; x_wconf 84' lang='lat' dir='ltr'><strong>de</strong></span> <span class='ocrx_word' id='word_1_267' title='bbox 1080 2497 1200 2535; x_wconf 86' lang='lat' dir='ltr'><strong>Louis</strong></span> <span class='ocrx_word' id='word_1_268' title='bbox 1224 2497 1260 2534; x_wconf 88' lang='grc'><strong>18</strong></span> <span class='ocrx_word' id='word_1_269' title='bbox 1285 2496 1399 2535; x_wconf 86' lang='lat' dir='ltr'><strong>Gros.</strong></span> <span class='ocrx_word' id='word_1_270' title='bbox 1426 2496 1531 2535; x_wconf 73' lang='lat' dir='ltr'><strong>C’ett</strong></span> 
     </span>
     <span class='ocr_line' id='line_1_33' title="bbox 123 2554 1530 2607; baseline 0.002 -16"><span class='ocrx_word' id='word_1_271' title='bbox 123 2564 264 2592; x_wconf 84' lang='lat' dir='ltr'><strong>encore</strong></span> <span class='ocrx_word' id='word_1_272' title='bbox 283 2554 334 2592; x_wconf 87' lang='lat' dir='ltr'><strong>ici</strong></span> <span class='ocrx_word' id='word_1_273' title='bbox 353 2566 407 2592; x_wconf 92' lang='lat' dir='ltr'><strong>un</strong></span> <span class='ocrx_word' id='word_1_274' title='bbox 426 2554 495 2593; x_wconf 82' lang='lat' dir='ltr'><strong>des</strong></span> <span class='ocrx_word' id='word_1_275' title='bbox 519 2567 587 2594; x_wconf 83' lang='lat' dir='ltr'><strong>cas</strong></span> <span class='ocrx_word' id='word_1_276' title='bbox 604 2558 655 2595; x_wconf 83' lang='grc' dir='ltr'><strong>οὺ</strong></span> <span class='ocrx_word' id='word_1_277' title='bbox 675 2562 787 2597; x_wconf 82' lang='lat' dir='ltr'><strong>notre</strong></span> <span class='ocrx_word' id='word_1_278' title='bbox 807 2557 1021 2607; x_wconf 86' lang='lat' dir='ltr'><strong>chronique</strong></span> <span class='ocrx_word' id='word_1_279' title='bbox 1053 2562 1111 2594; x_wconf 83' lang='lat' dir='ltr'><strong>est</strong></span> <span class='ocrx_word' id='word_1_280' title='bbox 1130 2556 1218 2606; x_wconf 85' lang='lat' dir='ltr'><strong>plus</strong></span> <span class='ocrx_word' id='word_1_281' title='bbox 1235 2561 1373 2595; x_wconf 83' lang='lat' dir='ltr'><strong>exacte</strong></span> <span class='ocrx_word' id='word_1_282' title='bbox 1392 2566 1467 2605; x_wconf 87' lang='lat' dir='ltr'><strong>que</strong></span> <span class='ocrx_word' id='word_1_283' title='bbox 1487 2566 1530 2594; x_wconf 81' lang='lat' dir='ltr'><strong>sa</strong></span> 
     </span>
     <span class='ocr_line' id='line_1_34' title="bbox 124 2612 507 2664; baseline 0.008 -14"><span class='ocrx_word' id='word_1_284' title='bbox 124 2612 280 2651; x_wconf 85' lang='lat' dir='ltr'><strong>version</strong></span> <span class='ocrx_word' id='word_1_285' title='bbox 300 2612 507 2664; x_wconf 73' lang='lat' dir='ltr'><strong>francaise.</strong></span> 
     </span>
    </p>

    <p class='ocr_par' dir='ltr' id='par_1_7' title="bbox 123 2668 1531 2889">
     <span class='ocr_line' id='line_1_35' title="bbox 170 2668 1528 2725; baseline 0.001 -17"><span class='ocrx_word' id='word_1_286' title='bbox 170 2671 206 2709; x_wconf 76' lang='lat'><strong>2.</strong></span> <span class='ocrx_word' id='word_1_287' title='bbox 233 2671 266 2709; x_wconf 84' lang='lat'><strong>11</strong></span> <span class='ocrx_word' id='word_1_288' title='bbox 294 2677 354 2710; x_wconf 86' lang='lat' dir='ltr'><strong>est</strong></span> <span class='ocrx_word' id='word_1_289' title='bbox 380 2672 455 2710; x_wconf 84' lang='lat' dir='ltr'><strong>t&#39;ort</strong></span> <span class='ocrx_word' id='word_1_290' title='bbox 487 2673 668 2722; x_wconf 74' lang='lat' dir='ltr'><strong>probabis</strong></span> <span class='ocrx_word' id='word_1_291' title='bbox 697 2686 772 2725; x_wconf 86' lang='lat' dir='ltr'><strong>que</strong></span> <span class='ocrx_word' id='word_1_292' title='bbox 797 2675 833 2714; x_wconf 88' lang='grc'><strong>18</strong></span> <span class='ocrx_word' id='word_1_293' title='bbox 862 2680 988 2714; x_wconf 80' lang='lat' dir='ltr'><strong>comte</strong></span> <span class='ocrx_word' id='word_1_294' title='bbox 1013 2673 1060 2713; x_wconf 82' lang='lat' dir='ltr'><strong>de</strong></span> <span class='ocrx_word' id='word_1_295' title='bbox 1086 2668 1251 2712; x_wconf 76' lang='lat' dir='ltr'><strong>Flandre</strong></span> <span class='ocrx_word' id='word_1_296' title='bbox 1278 2678 1346 2712; x_wconf 84' lang='lat' dir='ltr'><strong>eut</strong></span> <span class='ocrx_word' id='word_1_297' title='bbox 1370 2672 1455 2711; x_wconf 87' lang='lat' dir='ltr'><strong>soin</strong></span> <span class='ocrx_word' id='word_1_298' title='bbox 1481 2671 1528 2710; x_wconf 83' lang='lat' dir='ltr'><strong>de</strong></span> 
     </span>
     <span class='ocr_line' id='line_1_36' title="bbox 123 2730 1530 2781; baseline 0.001 -14"><span class='ocrx_word' id='word_1_299' title='bbox 123 2735 298 2768; x_wconf 85' lang='lat' dir='ltr'><strong>montrer</strong></span> <span class='ocrx_word' id='word_1_300' title='bbox 329 2730 520 2780; x_wconf 82' lang='lat' dir='ltr'><strong>l’original</strong></span> <span class='ocrx_word' id='word_1_301' title='bbox 545 2731 596 2771; x_wconf 85' lang='lat' dir='ltr'><strong>du</strong></span> <span class='ocrx_word' id='word_1_302' title='bbox 624 2733 740 2772; x_wconf 69' lang='lat' dir='ltr'><strong>traita</strong></span> <span class='ocrx_word' id='word_1_303' title='bbox 771 2733 818 2771; x_wconf 87' lang='lat' dir='ltr'><strong>de</strong></span> <span class='ocrx_word' id='word_1_304' title='bbox 844 2734 1043 2781; x_wconf 76' lang='lat' dir='ltr'><strong>Perenne,</strong></span> <span class='ocrx_word' id='word_1_305' title='bbox 1077 2743 1127 2771; x_wconf 83' lang='lat' dir='ltr'><strong>en</strong></span> <span class='ocrx_word' id='word_1_306' title='bbox 1158 2732 1306 2771; x_wconf 77' lang='lat' dir='ltr'><strong>evitant</strong></span> <span class='ocrx_word' id='word_1_307' title='bbox 1333 2731 1530 2781; x_wconf 78' lang='lat' dir='ltr'><strong>d&#39;appelor</strong></span> 
     </span>
     <span class='ocr_line' id='line_1_37' title="bbox 124 2788 1531 2841; baseline 0.001 -15"><span class='ocrx_word' id='word_1_308' title='bbox 124 2788 342 2827; x_wconf 83' lang='lat' dir='ltr'><strong>l&#39;attention</strong></span> <span class='ocrx_word' id='word_1_309' title='bbox 371 2801 438 2828; x_wconf 85' lang='lat' dir='ltr'><strong>sur</strong></span> <span class='ocrx_word' id='word_1_310' title='bbox 456 2790 492 2828; x_wconf 89' lang='lat' dir='ltr'><strong>la</strong></span> <span class='ocrx_word' id='word_1_311' title='bbox 512 2792 747 2831; x_wconf 84' lang='lat' dir='ltr'><strong>convention</strong></span> <span class='ocrx_word' id='word_1_312' title='bbox 773 2793 824 2830; x_wconf 88' lang='lat' dir='ltr'><strong>du</strong></span> <span class='ocrx_word' id='word_1_313' title='bbox 850 2793 896 2831; x_wconf 76' lang='lat'><strong>25</strong></span> <span class='ocrx_word' id='word_1_314' title='bbox 926 2793 1066 2831; x_wconf 74' lang='lat' dir='ltr'><strong>sevrier</strong></span> <span class='ocrx_word' id='word_1_315' title='bbox 1093 2792 1199 2841; x_wconf 76' lang='lat'><strong>1212,</strong></span> <span class='ocrx_word' id='word_1_316' title='bbox 1218 2791 1312 2829; x_wconf 80' lang='lat' dir='ltr'><strong>dont</strong></span> <span class='ocrx_word' id='word_1_317' title='bbox 1331 2791 1358 2829; x_wconf 85' lang='lat' dir='ltr'><strong>il</strong></span> <span class='ocrx_word' id='word_1_318' title='bbox 1378 2790 1531 2829; x_wconf 74' lang='lat' dir='ltr'><strong>alterait</strong></span> 
     </span>
     <span class='ocr_line' id='line_1_38' title="bbox 125 2848 677 2889; baseline 0.007 -4"><span class='ocrx_word' id='word_1_319' title='bbox 125 2858 216 2886; x_wconf 78' lang='lat' dir='ltr'><strong>sans</strong></span> <span class='ocrx_word' id='word_1_320' title='bbox 235 2848 349 2886; x_wconf 84' lang='lat' dir='ltr'><strong>doute</strong></span> <span class='ocrx_word' id='word_1_321' title='bbox 370 2850 426 2887; x_wconf 82' lang='lat' dir='ltr'><strong>les</strong></span> <span class='ocrx_word' id='word_1_322' title='bbox 445 2850 677 2889; x_wconf 71' lang='lat' dir='ltr'><strong>conditione.</strong></span> 
     </span>
    </p>
   </div>
  </div>
 </body>
</html>
