1838 3164
97 295 200 343 1322]
371 298 741 334 GRRONOGRAPmA
766 299 919 334 amm(
943 298 1222 334 chomnt.
1425 293 1492 332 ²5⁶1

95 377 176 436 sii,
216 394 462 444 regressus
494 385 568 428 est
603 379 663 428 de
698 378 983 436 Lonbardia,
1020 378 1102 428 ubi
1133 377 1279 427 multa
1310 382 1495 443 egestas

92 470 203 503 eum
224 455 498 520 opprimens
522 454 731 505 causavit
758 459 808 503 et
836 454 1071 503 festinavit
1100 454 1201 520 ejus
1229 469 1492 504 reversum.

611 578 839 627 KAnoLus
863 590 977 626 anx.

157 689 370 755 Philippo
393 694 529 739 sexto
553 688 779 738 successit
802 688 1017 747 Karolus,
1045 704 1205 738 comes
1228 690 1427 739 Marchie
1450 694 1498 738 et

91 765 418 832 Bigorriensis,
446 765 592 815 frater
614 765 733 831 ejus,
761 765 842 831 qui
869 765 1085 832 regnavit
1113 764 1247 814 annis
1269 765 1492 831 quinque.

92 842 175 891 Hic
197 842 440 892 mandavit
457 841 676 891 omnibus
700 841 993 907 principibus
1015 848 1064 892 et
1086 841 1342 891 baronibus
1365 842 1498 907 regni

91 918 180 975 sui,
209 935 296 983 per
319 918 564 968 consilium
590 918 782 969 Roberti
807 918 868 968 de
891 918 1126 977 Arthesim
1154 917 1340 968 comitis
1364 918 1500 967 Belli-

90 994 262 1044 montis
277 995 464 1061 Roget-ii
480 1000 529 1044 et
544 995 715 1046 Galteri
731 995 791 1045 de
809 995 1101 1053 Castellione,
1120 994 1495 1053 conestabularii,

89 1070 386 1121 familiarium
421 1071 522 1138 ejus
559 1073 782 1131 multum,
822 1073 950 1139 quod
987 1073 1204 1122 venirent
1241 1073 1400 1123 Remis
1437 1072 1498 1122 ad

91 1148 357 1197 unctionem
381 1148 471 1206 sui,
495 1148 731 1199 dominica
747 1166 840 1215 qua
860 1149 907 1199 in
926 1150 1131 1201 Ecclesia
1147 1149 1230 1199 Dei
1246 1155 1461 1199 cantatur
1484 1167 1494 1197 :
1516 1156 1519 1157 ’

93 1241 114 1268 ‹
157 1224 269 1273 Esto
307 1224 444 1274 michi
450 1261 570 1282 ......
613 1245 634 1271 ι
671 1224 903 1275 dominica
939 1225 1115 1275 scilicet
1147 1231 1257 1275 ante
1296 1224 1499 1290 primam

89 1299 372 1350 dominicam
396 1301 562 1360 x12¹¹²⁰¹;
588 1302 718 1367 quod
742 1308 790 1351 et
814 1303 988 1351 factum
1010 1308 1100 1352 est.

153 1377 396 1427 Affuerunt
429 1379 555 1427 enim
596 1378 692 1428 fere
731 1395 897 1428 omnes
933 1378 1172 1445 principes
1212 1384 1261 1428 et
1298 1378 1500 1428 barones

89 1454 280 1503 Francie
300 1471 354 1503 ac
372 1455 515 1504 etiam
539 1455 672 1504 multi
698 1455 937 1520 principes
955 1455 1215 1514 Almannie‚
1238 1455 1362 1505 inter
1379 1472 1500 1521 quos

87 1535 220 1578 erant
236 1529 490 1588 Johannes,
516 1547 602 1579 rex
618 1530 824 1588 Boemie‚
847 1530 970 1580 filius
987 1530 1174 1580 Henrici
1198 1530 1501 1596 imperatoris

89 1605 295 1656 defuncti
329 1613 378 1655 et
413 1623 500 1655 rex
536 1607 913 1673 Majoricarum23
951 1606 1033 1672 qui
1065 1623 1233 1658 omnes
1262 1606 1501 1656 duxerunt

89 1699 198 1732 eum
213 1683 275 1732 ad
288 1683 698 1749 metropolitanam
715 1682 959 1732 ecclesiam
977 1686 1117 1732 Beate
1131 1682 1273 1732 Marie
1288 1682 1500 1748 ejusdem

88 1759 305 1818 civitatis,
334 1760 414 1809 ubi
437 1760 498 1809 ab
521 1759 875 1825 archiepiscopo
899 1759 1006 1818 loci,
1035 1758 1362 1810 assistentibus
1385 1762 1501 1808 Nar-

88 1835 282 1886 bonensi
314 1844 362 1886 et
390 1837 643 1886 Senonensi
668 1836 1052 1903 archiepiscopis,
1081 1836 1242 1886 xuu⁶¹¹⁸
1266 1836 1501 1902 episcopis

88 1929 197 1963 cum
227 1913 486 1963 innumeris
517 1913 742 1964 militibus
771 1930 826 1963 ac
855 1913 1002 1971 aliis⁸,
1030 1919 1216 1971 uacuis,
1249 1918 1501 1963 coronatus

88 1997 161 2040 est
184 1991 231 2040 in
256 2007 437 2058 regem.

153 2067 346 2127 Deinde,
364 2067 497 2117 factis
512 2067 772 2117 hastiludiis
786 2066 963 2116 ibidem
978 2073 1027 2117 et
1039 2067 1160 2116 festo
1173 2067 1321 2126 finito,
1339 2083 1501 2116 rever-

89 2160 169 2194 sus
193 2150 265 2195 est
290 2139 509 2204 pai-isius,
537 2146 619 2195 ubi
642 2145 901 2195 honorifice
925 2150 1173 2211 susceptus
1196 2151 1286 2195 est.
1309 2148 1367 2195 Et
1390 2145 1499 2211 quia

137 2303 171 2340 l.
193 2302 236 2341 21
259 2302 401 2341 fevi-ior
422 2302 515 2343 1322
535 2304 588 2351 (n.
613 2306 695 2351 st.).

135 2361 171 2399 2.
193 2361 247 2399 Ge
266 2361 385 2400 detail
402 2373 572 2412 manque
598 2363 697 2402 dans
727 2364 784 2402 las
809 2365 1014 2402 ancienne-t
1034 2365 1254 2411 chronique:
1272 2365 1316 2402 de
1339 2365 1500 2402 mnan

90 2422 239 2468 (Hister.
260 2422 303 2458 do
324 2423 402 2464 Fr..
425 2428 454 2460 t.
476 2422 615 2469 XXII,
635 2433 674 2471 p.
695 2423 793 2470 ⁴¹⁴).

135 2479 171 2517 8.
192 2480 248 2517 Le
275 2479 432 2528 joui-nal
462 2480 515 2518 du
544 2481 687 2519 Trasor
717 2481 764 2519 de
795 2481 958 2520 Charlas
982 2482 1040 2520 IV
1068 2482 1104 2520 la
1131 2481 1204 2520 Bel
1230 2482 1366 2528 (Arch.
1397 2486 1496 2528 nat..

89 2538 166 2576 KK
193 2539 228 2588 1,
254 2539 319 2577 fol.
347 2540 392 2578 13
417 2544 456 2579 et
484 2539 541 2589 32)
567 2551 592 2579 a
616 2542 805 2580 conserve
831 2552 908 2579 aux
932 2541 1042 2579 dates
1067 2541 1120 2579 du
1146 2541 1194 2580 28
1218 2541 1360 2579 tevi-iar
1382 2546 1422 2579 et
1445 2540 1497 2579 du

89 2596 134 2634 26
153 2607 261 2635 mars
281 2597 373 2636 1322
392 2599 446 2646 (n.
468 2599 532 2648 st.)
557 2599 624 2638 des
643 2600 841 2638 mentions
867 2600 1050 2638 relatives
1077 2611 1155 2638 aux
1173 2599 1272 2638 dons
1289 2610 1365 2649 qua
1383 2599 1420 2638 le
1439 2599 1497 2637 roi

89 2656 132 2693 fit
152 2667 202 2695 au
221 2657 421 2695 mai-achal
441 2657 616 2696 Mathiou
635 2658 683 2698 de
702 2660 792 2698 Trie
811 2664 851 2697 et
870 2659 894 2696 a
912 2660 1046 2707 Leuis,
1069 2664 1196 2698 comte
1214 2658 1261 2697 de
1280 2658 1493 2705 mor-mont,

88 2725 186 2763 pour
204 2714 261 2753 les
280 2715 520 2755 indemniser
543 2716 611 2755 dea
630 2717 722 2757 frais
740 2730 815 2768 qua
835 2719 920 2756 leur
942 2718 1092 2767 imposa
1110 2718 1195 2756 leur
1212 2718 1400 2766 presence
1418 2728 1495 2756 aux

90 2773 186 2812 fetes
206 2773 255 2811 du
277 2780 600 2814 couronnemcnt.

235 2840 248 2871 1
1306 2840 1350 2876 17
