1838 3164
78 320 181 368 ¹302]
351 323 722 358 CHRONOGRAPHIA
746 323 900 356 amm(
924 322 1204 356 FRANGORUI.
1408 318 1471 355 121

140 405 350 467 Cumque
387 419 473 451 rex
506 401 728 452 existeret
759 399 979 457 Parisins,
1013 406 1244 449 venerunt
1275 399 1336 448 ad
1367 415 1478 449 eum

72 479 226 529 multe.
242 479 431 528 domine
455 479 596 528 vidue
620 477 680 526 de
704 493 851 542 regno
875 476 996 542 ejus,
1025 493 1226 542 quarum
1247 476 1404 525 mariti
1428 475 1477 524 in

74 556 196 606 bello
225 555 432 606 Curtraci
464 570 618 620 nuper
647 553 833 602 fuerant
860 552 1020 610 occisi,
1049 559 1391 618 conquerentes
1418 551 1479 601 de

15 676 17 678 .
72 633 338 699 Flamingis,
378 631 438 682 de
472 631 541 680 eis
574 629 830 679 vindictam
861 628 1176 694 requirend03
1202 629 1333 700 ,inter
1361 645 1480 694 quas

0 1392 14 1430 4-4,
0 1376 1 1379 ⁴
0 1305 16 1368 ⁷⁷3&
0 1227 19 1299 Ἀ’ῠῃῑ-ΙΑ
0 1123 21 1218 9⁴2⁶—qu
0 1034 21 1116 W),
0 1019 15 1022 j
0 911 19 1010 ΑΗ-’ωζῖἓθ
10 897 16 905 .
0 815 14 882 :Wss'
0 786 13 805 ἰ
0 755 17 778 .”

73 710 271 760 Matildis
293 709 353 759 de
377 707 609 765 Arthesio,
635 705 870 755 comitissa
901 704 1188 771 Burgundie,
1217 706 1481 771 specialiter

72 785 262 835 dolebat
283 801 374 851 pro
398 789 551 833 morte
575 783 724 849 patris
750 788 798 831 et
819 782 978 831 fratris
1002 781 1103 848 ejus
1133 800 1144 830 ε
1173 787 1221 831 et
1252 798 1337 831 rex
1369 799 1480 847 pro-

72 863 262 912 mittens
275 861 344 911 eis
359 860 487 926 quod
510 876 590 909 eas
608 859 884 917 vindicaret,
909 864 962 908 ut
987 858 1153 908 melius
1179 859 1331 924 potuit
1351 859 1479 924 ipsas

72 938 333 1006 pacificavit
349 937 740 1002 confirmavitque
757 936 912 986 eidem
932 934 1103 985 Matildi
1130 934 1327 994 donum,
1349 935 1478 1000 quod

71 1015 251 1066 dudum
275 1014 448 1064 fecerat
470 1014 593 1080 patri
611 1030 715 1073 suc,
739 1013 799 1063 de
823 1019 950 1063 terra
969 1018 1018 1063 et
1035 1012 1291 1062 advouaria
1309 1012 1481 1062 Bethu-

70 1093 162 1143 nie.
184 1095 242 1142 Et
267 1108 379 1141 mox
399 1091 539 1150 Otho,
562 1107 722 1143 comes
746 1090 1035 1157 Burgundie,
1058 1090 1256 1140 maritus
1270 1089 1482 1157 ejusdem

70 1168 284 1228 matildis,
307 1168 355 1219 in
374 1169 618 1235 presencia
637 1168 870 1218 baronum
890 1166 972 1234 qui
991 1166 1055 1216 ibi
1074 1167 1289 1226 aderant,
1311 1167 1481 1218 cecidit

71 1245 132 1296 ad
156 1246 302 1312 pedes
326 1246 452 1312 regis
476 1251 525 1295 et
548 1245 739 1296 nomine
763 1244 942 1312 prefate
961 1244 1126 1296 uxoris
1143 1261 1227 1295 sue
1246 1245 1355 1294 inde
1374 1244 1483 1294 fecit

73 1322 372 1389 homagium;
411 1329 460 1371 et
500 1322 567 1371 sic
605 1339 665 1371 ex
705 1328 840 1380 tunc,
881 1327 980 1370 tota
1014 1326 1142 1370 terra
1179 1326 1227 1370 et
1261 1319 1483 1370 advoaria

0 1439 14 1468 -;.
71 1399 312 1458 Bethunie,
335 1399 576 1449 comitatui
602 1399 805 1449 Arthesii
830 1398 1077 1465 conjuncta
1099 1403 1173 1448 est
1197 1403 1247 1447 et
1271 1397 1447 1447 unita¹.

0 1478 12 1536 ζ
75 1524 77 1527 ,
135 1475 311 1526 Deinde
327 1492 411 1525 rex
428 1476 555 1525 misit
571 1476 880 1534 Ludovicum,
898 1476 1119 1525 comitem
1135 1474 1483 1541 Ebroyoensem

2 1582 15 1620 ¹.
70 1553 118 1602 in
151 1553 367 1619 Apuliam
402 1559 450 1602 et
482 1553 723 1603 mandavit
755 1553 1004 1611 Karolum,
1041 1552 1261 1601 comitem
1295 1552 1480 1609 valesii,

34 1694 40 1700 .
70 1629 266 1680 fratrem
284 1647 440 1688 suum,
464 1630 545 1695 qui
572 1629 699 1695 apud
723 1629 987 1679 Barletam²
1008 1628 1258 1678 ordinabat
1275 1627 1336 1677 de
1362 1628 1484 1677 sacto

70 1723 157 1756 suo
176 1712 228 1756 ut
247 1707 423 1756 rediret
443 1707 571 1772 apud
590 1705 1059 1771 Constantinopolim,
1081 1705 1304 1770 quatinus
1322 1704 1486 1753 dimis-

71 1783 135 1834 sis
178 1783 397 1834 omnibus
441 1788 760 1833 reverteretur
802 1782 851 1832 in
896 1781 1163 1840 Franciam‚
1212 1789 1264 1831 ut
1308 1781 1355 1831 in
1399 1782 1485 1831 hac

72 1877 243 1929 guerra
261 1866 422 1911 contra
441 1859 724 1927 Flamingos‚
750 1860 851 1926 ejus
874 1859 1068 1908 oonsilio
1092 1864 1141 1908 et
1164 1858 1338 1908 auxilio
1359 1858 1486 1908 frue-

71 1942 219 1987 retur.
248 1937 348 1996 Hic,
376 1944 486 2004 post
510 1943 713 1987 mortem
739 1937 891 2003 prime
915 1936 1080 1986 uxoris
1105 1952 1206 1994 sue,
1234 1936 1328 1985 filie
1353 1936 1485 1986 vide-

69 2013 176 2064 licet
199 2014 357 2065 Karoli
377 2014 556 2072 Claudi,
579 2013 780 2063 condam
802 2013 930 2078 regis
954 2012 1123 2071 Sicilie,
1146 2013 1334 2062 racione
1352 2013 1484 2079 cujus

69 2090 343 2144 comitatum
361 2091 630 2157 Andegavie
656 2090 953 2155 possederat,
973 2089 1324 2155 imperatricem
1340 2091 1484 2139 Cons-

12 2165 15 2193 ἶ
71 2166 522 2233 tantinopolitanam‚
553 2166 842 2232 prinoessam
876 2165 984 2231 (sio)
1019 2165 1206 2223 Acbaie‚
1235 2182 1329 2230 que
1361 2182 1485 2214 nunc

71 2246 225 2294 Morea
255 2243 354 2293 sive
386 2243 658 2294 Mauritania
690 2243 880 2300 dicitur,
916 2242 1305 2308 desponsaverat.
1336 2244 1484 2292 Causa

121 2387 154 2424 ¹.
172 2386 246 2424 Les
260 2386 465 2426 Anot'onnos
478 2387 697 2434 chroniquos
716 2387 759 2423 de
779 2388 938 2424 flandra
958 2396 1007 2423 na
1022 2385 1279 2422 contiennent
1291 2395 1422 2422 aucun
1434 2384 1481 2422 de

73 2455 139 2484 cos
164 2445 275 2490 faits;
303 2446 398 2483 elles
423 2451 581 2494 pausent
606 2445 653 2483 de
674 2445 775 2482 suite
803 2445 825 2482 a
853 2445 1029 2482 l'arrivee
1054 2444 1104 2481 du
1131 2449 1259 2482 comte
1283 2443 1331 2481 de
1355 2443 1484 2481 Bour-

73 2515 198 2554 gogno
216 2515 267 2542 en
286 2504 468 2543 mandre.
490 2506 640 2552 (autor.
661 2507 704 2542 do
725 2506 801 2548 Pru,
823 2512 852 2541 t.
875 2503 1013 2551 XXII,
1032 2515 1070 2552 p.
1093 2503 1190 2548 384.)
1205 2503 1483 2551 Laohroniquo

72 2563 122 2601 du
152 2564 426 2602 continuatam·
452 2563 500 2603 de
527 2564 750 2602 Guillaume
778 2563 825 2601 de
854 2563 1005 2611 Nangis
1032 2565 1075 2609 (t.
1107 2562 1141 2608 I,
1171 2573 1208 2610 p.
1238 2562 1322 2608 322)
1355 2568 1394 2600 et
1426 2562 1482 2599 les

6 2623 35 2670 f«,
71 2622 235 2661 Grandes
254 2623 479 2671 chroniquos
499 2624 540 2671 (t.
562 2622 613 2670 V,
634 2634 671 2672 p.
695 2623 776 2664 145)
797 2622 925 2659 disent
945 2621 1035 2659 hieu
1055 2632 1131 2670 que
1152 2621 1328 2670 Philippa
1349 2621 1385 2659 le
1411 2621 1481 2658 Bel

74 2680 184 2718 saisit
203 2681 238 2718 le
258 2685 384 2719 comte
398 2680 445 2719 de
465 2681 698 2731 Bourgogne
712 2681 759 2720 de
773 2681 810 2718 la
824 2681 951 2718 comte
965 2678 1151 2727 d’Artois,
1165 2679 1265 2717 mais
1283 2680 1378 2718 elles
1393 2687 1481 2718 sont

74 2744 242 2778 muettes
263 2750 331 2777 sur
350 2739 559 2778 l'avouerie
578 2739 624 2778 de
645 2740 840 2778 Bethune.

122 2798 157 2837 2.
178 2798 366 2846 Bai-latta,
385 2798 481 2837 dans
500 2799 535 2837 le
556 2810 741 2849 royaume
760 2799 806 2836 de
828 2799 983 2848 Naples,
1005 2798 1190 2847 province
1209 2798 1256 2837 de
1278 2798 1382 2836 Bari.
