1838 3164
0 174 17 258 i

112 279 216 327 1304]
386 280 757 315 cnuouomurnu
780 278 933 312 naun
959 277 1237 312 runconmt.
1443 271 1509 310 ¹63

107 362 279 411 bantur
302 366 350 410 et
373 361 438 411 hii
461 361 543 425 qui
566 359 858 410 merchatum
882 357 1119 412 frumenti,
1147 358 1260 415 vini,
1289 356 1442 406 earnis
1465 361 1513 405 et

106 439 239 489 ordei
252 438 311 488 ad
325 439 583 489 exercitum
598 437 724 504 regis
736 435 1025 493 deferebant,
1042 452 1206 485 secure
1221 451 1308 500 per
1317 437 1513 495 Pontem

0 544 7 587 3
106 516 322 568 Wendini
340 509 558 582 poterant
576 514 793 569 transire,
811 529 870 561 eo
888 511 1019 577 quod
1035 512 1276 578 Flamingi‚
1295 511 1377 576 qui
1395 511 1515 560 sieut

0 600 5 668 ς
105 593 216 643 alias
242 594 289 642 in
313 592 527 658 partibus
550 591 639 641 illis
662 589 928 656 predictum
952 594 1148 654 pontem
1177 588 1510 646 observabant,

102 670 150 719 in
183 676 426 720 momento
458 685 555 734 quo
583 667 645 718 de
678 666 801 716 bello
839 666 931 715 hoc
964 681 1207 715 rumorem
1242 665 1510 723 audierunt,

103 748 212 815 pelli
243 765 327 798 sue
357 747 575 797 timentes
605 749 920 803 recesserunt,
949 743 1157 793 maxima
1187 742 1379 792 ubertas
1402 748 1513 791 tunc

103 825 271 875 eratin
296 824 373 873 illa
394 821 713 889 expeditione.

167 905 316 951 Porro
350 915 459 950 cum
487 916 573 949 rex
610 904 734 949 esset
767 898 814 947 in
850 897 926 947 illa
963 895 1207 946 obsidione
1221 935 1233 955 ,
1275 895 1515 961 Philippus

103 977 399 1028 Flandrensis
418 982 466 1027 et
489 992 648 1027 eomes
670 974 906 1034 Namurci‚
929 974 1075 1024 frater
1091 973 1209 1040 ejus,
1236 972 1319 1038 qui
1340 990 1368 1021 a
1391 971 1515 1022 bello

16 1082 19 1091 ==
101 1071 252 1122 nuper
276 1055 509 1122 fugerant,
538 1057 944 1120 congregaverunt
967 1067 1133 1100 omnes
1157 1050 1238 1116 qui
1265 1055 1515 1099 evaserant

99 1139 149 1183 et
165 1134 374 1184 fixerunt
391 1132 592 1182 tentoria
617 1130 731 1181 satis
755 1146 908 1196 prope
932 1129 1155 1179 Insulas¹.
1179 1131 1237 1178 Et
1261 1134 1313 1179 ut
1339 1127 1513 1177 factum

99 1210 361 1277 legentibus
384 1209 555 1260 clarius
578 1209 856 1266 innoteseat,
885 1205 1129 1256 sciendum
1154 1210 1227 1256 est
1251 1204 1380 1271 quod
1404 1221 1514 1254 oum

99 1287 291 1338 tandem
311 1288 416 1338 belli
435 1287 622 1354 pondus
638 1286 683 1335 in
705 1284 972 1350 Flamingos
987 1299 1180 1333 versum
1198 1288 1323 1332 esset
1340 1287 1389 1332 et
1405 1282 1513 1348 fuge

19 1395 21 1407 ·
99 1365 359 1432 presidium
375 1368 648 1430 quererent,
675 1362 756 1428 qui
781 1361 842 1411 de
862 1360 987 1410 bello
1009 1359 1211 1410 evadere
1235 1363 1510 1425 potuerunt,

99 1442 340 1508 Philippus
366 1440 687 1499 Flandrensis,
720 1438 954 1489 ¹lohannes
981 1442 1030 1486 et
1059 1436 1309 1495 Henrieus,
1343 1436 1513 1489 stantes

98 1517 199 1584 ejus
229 1522 277 1567 et
305 1533 453 1583 nepos
483 1532 667 1575 eorum,
700 1515 936 1565 Robertus
968 1514 1078 1563 Sine
1103 1515 1247 1563 Terra
1276 1528 1384 1562 cum
1409 1511 1513 1576 qui·

15 1641 17 1643 .
98 1593 299 1644 busdam
323 1594 424 1644 aliis
450 1593 702 1651 nobilibus,
724 1608 777 1642 se
795 1596 1041 1641 traxerunt
1065 1606 1232 1640 versus
1257 1588 1511 1655 quamdam

95 1670 273 1731 villam,
301 1687 396 1736 que
419 1676 616 1720 vocatur
640 1670 688 1718 in
715 1668 881 1736 gallico
906 1669 1259 1732 Seniquemont‚
1286 1665 1430 1724 unde,
1459 1672 1511 1715 ut

24 1788 25 1791 η
97 1747 269 1798 dicitur
284 1785 297 1807 ,
342 1746 598 1797 Rollandus
615 1784 627 1805 ,
673 1743 1128 1795 Cenomannencium
1177 1742 1276 1792 dux
1293 1781 1305 1802 ‚
1352 1742 1507 1793 Karoli

96 1824 246 1891 Magni
282 1824 410 1890 regis
449 1829 498 1873 et
539 1821 841 1888 imperatoris
876 1820 936 1869 de
976 1836 1140 1870 sorore
1180 1836 1352 1885 nepos,
1396 1819 1508 1868 olim

22 1934 25 1935 ν
95 1900 249 1950 extitit
267 1899 519 1957 oriundus;
544 1898 704 1964 ibique
721 1897 962 1963 Philippus
985 1895 1190 1946 insonuit
1214 1895 1344 1951 tuba,
1365 1911 1507 1960 quam

95 1976 333 2044 portabat,
368 1982 423 2028 ut
453 1975 514 2026 ad
543 1975 645 2042 ejus
672 1990 838 2024 vocem
872 1972 1100 2039 Flamingi
1128 1972 1209 2038 qui
1240 1971 1498 2038 fugiebant,

92 2054 302 2104 redirent
319 2053 380 2104 ad
401 2069 511 2103 eum
534 2059 585 2102 ut
611 2052 685 2101 illa
706 2057 840 2101 noete
863 2050 1120 2116 improvise
1140 2050 1342 2098 irrueret
1361 2065 1506 2115 super

23 2179 26 2181 Α
94 2134 314 2182 Francos.
356 2130 448 2182 Sed
482 2130 582 2197 ejus
616 2129 702 2178 fuit
735 2134 849 2178 voto
886 2127 1153 2185 frustratus,
1194 2126 1304 2192 quia
1333 2126 1505 2192 quibus

92 2208 253 2275 lugere
277 2208 422 2267 licuit,
451 2223 547 2256 non
575 2206 661 2255 fuit
692 2205 780 2255 alia
812 2222 951 2255 eausa
981 2202 1177 2254 subsidii
1202 2219 1344 2269 quam
1368 2203 1503 2268 lapsu

93 2285 202 2352 fuge
216 2284 276 2335 ad
290 2285 520 2334 bonarum
538 2283 753 2332 villarum
770 2298 962 2332 suarum
976 2298 1059 2331 seu
1075 2287 1340 2331 castrorum
1352 2281 1504 2330 muni-

92 2361 244 2412 tiones
263 2361 528 2429 pervenire.

158 2439 397 2506 Philippus
415 2455 530 2488 vero
548 2444 596 2488 et
619 2438 709 2495 sui,
732 2452 840 2487 cum
861 2436 1092 2485 vidissent
1114 2434 1231 2483 sein
1254 2434 1346 2483 hoc
1364 2434 1502 2483 nichil

93 2517 342 2583 proficere,
369 2515 581 2566 dolentes
603 2514 914 2578 ascenderunt
939 2519 1150 2562 montem
1168 2518 1216 2562 et
1240 2513 1287 2561 in
1311 2511 1502 2561 basilica

145 2647 179 2684 ¹.
201 2645 306 2684 C'est
324 2651 408 2684 tout
426 2646 515 2694 pres
533 2645 584 2683 du
604 2655 717 2694 camp
730 2645 777 2682 de
791 2644 967 2694 Philipps
987 2644 1023 2681 le
1037 2642 1110 2680 Bel
1129 2652 1204 2691 que
1223 2642 1281 2679 les
1293 2641 1502 2679 rimanda

98 2703 304 2742 etablirent
330 2705 365 2742 le
392 2704 486 2742 leur.
509 2704 682 2745 (Annales
707 2705 922 2748 condensos,
948 2702 1076 2748 Perta,
1102 2701 1316 2748 Scriptores,
1340 2705 1368 2738 t.
1390 2698 1501 2746 xvl,

25 2808 29 2825 ,ξ
99 2773 137 2811 p.
159 2762 256 2810 589.)
