1838 3164
109 262 214 310 1285]
380 265 752 301 CHRONOGRAPHIA
778 267 931 300 REGUH
956 267 1234 302 muconuu.
1462 266 1503 303 ‘2¹

106 362 214 395 nam
238 346 471 412 Hungarie
498 346 632 395 duxit
654 361 871 403 uxorem,
901 345 961 394 de
986 363 1078 411 qua
1102 353 1284 412 septem
1314 347 1435 396 filios
1462 353 1512 396 et

104 428 201 472 tres
219 422 338 472 filias
357 423 562 489 suscepit
590 441 601 471 :
630 421 990 488 primogenitae,
1021 424 1208 472 nomine
1227 423 1508 482 Ludovicus,

104 499 191 548 fuit
214 500 458 566 religiosus
481 499 542 548 de
562 498 729 548 ordine
751 502 967 548 Fratrum
991 499 1222 548 Minor-um
1255 507 1303 549 et
1330 500 1513 566 episco-

104 591 194 641 pus
229 575 537 633 Tholomnus,
580 580 708 623 tante
749 574 1009 623 sanctitatis
1045 575 1172 639 quod
1208 577 1514 640 postmodum

104 653 188 702 fuit
212 653 507 702 canonizatus
530 658 579 702 et
602 657 790 701 notatus
814 658 1004 702 sanctus
1028 652 1291 702 Ludovicus
1315 654 1375 702 de
1396 658 1515 704 Mas-

104 730 230 787 silia;
253 729 485 779 secundus
502 730 548 778 in
565 745 713 796 regno
734 730 969 796 Hungarie
988 729 1125 779 matri
1147 731 1397 787 successit;
1419 738 1515 781 ter-

101 807 218 865 cius,
238 806 427 855 nomine
446 805 698 865 Robertus,
718 806 840 872 patri
860 806 1084 856 successit
1103 806 1150 855 in
1175 822 1347 872 regn03
1374 824 1515 872 quaiz

102 890 179 933 tus
214 883 301 932 fuit
338 882 561 949 princeps
596 883 656 932 de
689 883 946 941 Tbarenta;
979 883 1170 949 quintus
1202 883 1423 933 ducatum
1454 884 1514 932 de

102 959 316 1008 Dirachio
339 958 525 1018 habuit;
553 964 716 1010 sextus
741 959 1051 1027 Berengerius
1078 960 1310 1009 Remondi
1339 977 1516 1027 cogno-

102 1041 264 1085 mento
287 1035 399 1094 fuit;
427 1042 475 1085 et
502 1036 748 1102 septimus,
780 1036 848 1085 uti
879 1036 1238 1103 primogenitus,
1270 1037 1516 1104 religiosus

102 1112 255 1162 extitit
277 1112 339 1162 de
362 1113 527 1163 ordine
545 1116 765 1163 Fratrum
785 1113 1133 1163 Heremitarum
1159 1114 1313 1163 Sancti
1332 1116 1516 1180 Augus-

102 1189 204 1239 tini.
239 1193 305 1239 De
333 1189 540 1239 secundo
567 1206 706 1249 vero,
737 1189 908 1247 tercio,
941 1196 1112 1256 quarto
1144 1197 1193 1239 et
1220 1191 1386 1256 quinto
1407 1191 1516 1240 filiis

103 1266 402 1333 supradictis,
417 1283 588 1334 magna
600 1267 848 1334 generacio
860 1267 975 1316 exiit
986 1285 999 1325 3
1012 1268 1323 1333 Ber-engerius
1335 1274 1511 1323 autem,

101 1343 280 1409 absque
316 1343 500 1403 liberis,
535 1344 582 1393 in
611 1344 810 1394 servicio
837 1344 1238 1402 Florentium-um,
1270 1345 1315 1393 in
1343 1361 1514 1410 guerra

102 1426 265 1470 contra
285 1421 476 1470 Pisanos
495 1421 712 1471 decessit.
736 1425 793 1470 Et
812 1421 872 1470 de
891 1421 1093 1479 filiabus,
1117 1421 1270 1487 prima
1294 1421 1404 1470 data
1429 1421 1515 1471 suit

102 1497 291 1564 conjux,
314 1515 422 1547 cum
448 1499 671 1548 comitatu
698 1497 983 1564 Andegavie,
1006 1498 1178 1547 Karolo
1202 1498 1361 1546 comiti
1382 1498 1515 1547 Vale-

102 1573 181 1632 sii,
220 1573 418 1639 Philippi
460 1574 588 1639 regis
630 1577 938 1631 Francorum,
981 1574 1061 1623 filii
1102 1574 1250 1622 sancti
1290 1573 1514 1623 Ludovici

103 1650 228 1717 regis
252 1650 458 1700 secundo
484 1651 597 1708 filio,
629 1650 675 1699 in
700 1667 793 1715 qua
823 1650 986 1714 genuit
1015 1650 1136 1699 duos
1166 1650 1287 1699 tilios
1318 1656 1366 1699 et
1396 1651 1515 1700 duas

101 1726 219 1776 filias
243 1744 253 1775 :
278 1726 560 1793 Philippum,
582 1727 661 1792 qui
688 1726 860 1776 Karolo
886 1726 985 1793 regi
1006 1726 1196 1775 Francie
1219 1732 1268 1775 et
1287 1729 1509 1784 Navarre,

100 1808 412 1870 cognomento
437 1803 619 1861 Palem,
649 1802 933 1852 consobrino
958 1819 1062 1860 suo,
1091 1802 1171 1868 qui
1202 1803 1302 1852 sine
1331 1819 1514 1852 mascu-

101 1879 193 1929 lina
216 1880 350 1945 prole
374 1879 593 1936 decessit,
616 1880 838 1929 successit
858 1879 903 1928 in
924 1896 1072 1945 regno
1089 1884 1376 1930 Francorum
1395 1881 1514 1932 sicut

100 1956 282 2007 dicetur
305 1957 441 2014 infra,
471 1964 520 2007 et
551 1957 792 2015 Karolum,
827 1957 1049 2006 comitem
1081 1957 1509 2016 Alenccionensem,

101 2033 387 2084 comitissam
406 2034 613 2083 Hanonie
632 2039 680 2083 et
698 2034 985 2083 comitissam
999 2034 1285 2084 Blesensem.
1306 2035 1513 2085 Alteram

101 2127 187 2161 rex
217 2111 513 2177 [Arragonie]
550 2111 679 2160 ducit
714 2111 760 2160 in
794 2126 994 2160 uxorem
1028 2117 1076 2160 et
1108 2112 1252 2160 tercia
1284 2112 1513 2177 Dalphino

100 2188 347 2239 Viennensi
378 2187 662 2253 desponsata
692 2194 781 2237 est.
810 2191 958 2237 Porro
989 2188 1223 2237 secundus
1251 2189 1375 2237 filius
1404 2206 1514 2254 pre-

103 2263 182 2313 fati
214 2264 338 2331 regis
368 2263 524 2314 Karoli
560 2263 745 2322 Claudi,
779 2265 953 2313 scilicet
982 2281 1066 2313 rex
1100 2265 1358 2330 Hungarie,
1391 2265 1514 2315 duos

102 2340 225 2390 filios
248 2341 409 2407 genuit
431 2358 443 2390 t
467 2341 826 2407 primogenitus,
855 2342 1043 2390 nomine
1068 2341 1349 2400 Ludovicus,
1378 2348 1512 2407 patre

104 2422 316 2475 mortuo,
360 2418 407 2467 in
454 2418 687 2484 Hungaria
735 2419 975 2484 regnavit;
1021 2418 1277 2475 secundus,
1323 2420 1512 2468 nomine

105 2494 332 2552 Andreas,
362 2494 550 2544 racione
579 2495 743 2544 uxoris
770 2511 853 2544 sue
880 2511 1080 2561 regnum
1109 2495 1260 2544 Sicilie
1286 2495 1506 2554 obtinuit,

105 2571 188 2621 sed
203 2571 249 2619 in
267 2571 469 2636 quadam
484 2572 672 2621 civitate
684 2573 815 2638 regni
832 2573 921 2630 sui,
944 2573 1131 2622 nomine
1145 2575 1339 2631 Aversa,
1358 2580 1511 2623 stran-

105 2648 290 2715 gulatus
309 2648 633 2699 miserabiliter
652 2649 797 2698 vitam
818 2650 986 2698 finivit.
1010 2654 1075 2699 De
1098 2650 1244 2699 teoeio
1264 2667 1381 2700 vero
1403 2668 1511 2717 pre-

107 2724 218 2774 dicti
243 2725 400 2774 Karoli
424 2725 549 2792 regis
571 2726 685 2785 filio,
711 2726 883 2775 scilicet
906 2726 1130 2786 Roberto,
1155 2726 1236 2793 qui
1260 2728 1383 2794 patri
1405 2745 1510 2778 suc-
