1838 3164
363 259 432 297 200
637 255 1008 291 cnuowomumiu
1035 254 1187 288 amun
1213 252 1492 287 muconm.
1661 248 1767 297 [1313

363 357 476 390 vero
511 337 776 387 civitatibus
811 341 952 402 atque
988 334 1155 385 castris
1191 350 1284 399 que
1318 349 1370 382 se
1406 332 1765 389 rebellum-ant,

361 415 599 466 Alemanni
649 413 798 463 simile
846 412 954 463 huic
1001 412 1229 461 fecerunt.
1281 408 1488 459 Tandem
1535 409 1770 460 exercitu

360 492 670 542 Mediolanum
693 489 901 548 advenit,
925 489 1003 539 ubi
1026 486 1336 555 jocundanter
1355 486 1567 536 Almanni
1593 486 1769 552 recepti

360 572 497 624 sunt;
535 566 718 632 ibique,
754 571 806 616 ut
840 565 1033 632 quidam
1069 564 1256 621 volunt,
1295 578 1498 628 corpora
1535 560 1771 613 Walrondi

359 643 786 710 Luxemburgensis
825 649 871 692 et
911 641 1137 692 Guidonis
1178 640 1239 689 de
1275 638 1544 696 Namurtim
1582 654 1675 704 que
1710 637 1772 688 de

358 721 530 780 Brixia,
553 736 662 770 cum
679 719 856 786 gemitu
876 724 925 768 et
942 717 1175 774 lamentis,
1198 716 1426 767 Henricus
1449 714 1510 765 de
1530 714 1773 765 Namurtio

358 803 406 847 et
434 797 685 855 Robertus‚
716 811 865 861 nepos
893 795 1012 861 ejus,
1039 794 1308 852 attulerant,
1337 791 1624 842 funeralibus
1651 790 1773 842 cele-

357 873 524 933 bratis‚
554 872 890 923 honorabiliter
914 871 1141 921 inhumati
1165 876 1293 920 sunt.

422 950 598 1001 Deinde
623 966 740 999 vero
762 954 953 1013 accepta
978 948 1075 998 ab
1064 947 1264 997 invicem
1292 946 1476 996 licentia
1506 952 1555 996 et
1584 945 1774 996 sibimet

357 1028 472 1093 ipsis
490 1026 746 1083 valefactis‚
768 1025 936 1074 abhinc
957 1022 1156 1089 quilibet
1178 1022 1240 1072 ad
1264 1022 1459 1088 propria
1482 1028 1769 1072 remearunt.

357 1108 505 1154 Porro
528 1110 679 1152 mater
699 1101 837 1168 hujus
856 1100 1063 1150 defuncti
1082 1099 1401 1165 imperatoris,
1423 1115 1561 1149 soror
1577 1098 1771 1150 Roberti

357 1180 540 1230 comitis
570 1178 784 1228 Flandrie
808 1184 857 1228 et
879 1177 1104 1228 Jobannis
1126 1176 1313 1226 comitis
1336 1175 1597 1226 Namurtii¹
1606 1175 1774 1242 ‚opud

357 1256 741 1322 Luxemburgum
766 1255 990 1311 existens,
1019 1269 1128 1304 cum
1149 1253 1210 1303 de
1239 1258 1392 1303 morte
1421 1253 1628 1304 duorum
1655 1252 1774 1303 mio-

357 1350 464 1383 rum
493 1349 690 1382 suorum
719 1338 768 1381 et
798 1330 1043 1388 Guidonis‚
1077 1329 1263 1396 nepotis
1293 1330 1384 1388 sui,
1417 1329 1643 1389 audisset,
1673 1334 1775 1380 tan-

357 1418 458 1460 tum
482 1409 697 1467 indoluit,
727 1407 855 1473 quod
882 1424 976 1457 non
1002 1407 1203 1457 multum
1226 1413 1337 1473 post
1359 1406 1581 1457 decessit.

425 1506 447 1532 ι
479 1489 655 1537 Verum
678 1485 789 1551 quia
813 1484 951 1551 hujus
980 1503 1002 1530 ι
1032 1483 1334 1550 imperatoris
1360 1503 1383 1530 ι
1414 1483 1646 1534 sententia
1675 1502 1698 1531 ι
1725 1483 1774 1535 in

357 1579 520 1630 regem
539 1563 817 1621 nobe-tum,
844 1582 866 1608 ι
890 1578 984 1627 que
1008 1578 1103 1612 non
1128 1579 1155 1611 a
1179 1561 1482 1620 discretione,
1504 1566 1658 1612 matre
1675 1561 1774 1612 vir-

361 1661 382 1688 «
412 1647 584 1699 tutum,
613 1659 635 1686 ι
657 1645 710 1689 ut
734 1639 933 1689 habetur
956 1639 1004 1688 in
1029 1639 1348 1698 Clementinis‚
1373 1658 1395 1685 c
1420 1637 1505 1689 sed
1523 1655 1552 1688 a
1571 1654 1774 1689 novam

284 1770 293 1774 ,
360 1738 382 1765 ι
407 1718 609 1784 justicie,
643 1717 907 1767 voluntaria
937 1716 1114 1767 scilicet
1133 1715 1387 1782 judicantis
1417 1715 1774 1782 pretfipitstione

360 1815 382 1841 ι
413 1794 662 1860 prooessit,
692 1800 857 1860 partus
887 1793 1045 1843 forsan
1076 1809 1129 1842 se
1157 1792 1419 1843 deteriores
1447 1793 1703 1859 [baberet]‚
1733 1793 1775 1844 si

360 1892 382 1918 ι
412 1872 560 1937 ipsius
583 1870 848 1936 [sententie]
867 1869 1115 1920 inefficatia
1129 1869 1177 1918 in
1196 1869 1436 1935 publicum
1455 1885 1660 1934 precone
1673 1869 1776 1937 jus-

362 1968 383 1994 «
412 1948 521 1997 ticia
541 1963 634 1996 non
655 1946 900 2012 prodiret:
920 1949 1046 2012 Papa
1060 1946 1185 1996 circa
1199 1962 1305 1996 eam
1320 1946 1400 1995 tali
1415 1946 1481 1995 uti
1502 1946 1774 2011 provisione

362 2045 383 2071 ‹
413 2025 595 2082 volens,
619 2041 731 2089 que,
754 2023 952 2073 detectis
975 2023 1125 2090 ipsius
1142 2023 1420 2083 defectibus,
1442 2023 1668 2074 seminata
1685 2040 1775 2090 per

362 2121 383 2146 ι
414 2117 518 2149 eam
550 2100 794 2166 extinguat
826 2099 1033 2165 pericula
1066 2106 1115 2149 et
1148 2099 1196 2148 in
1230 2099 1410 2148 ratione
1442 2098 1684 2151 reddenda
1713 2099 1776 2151 sit

363 2196 383 2222 ‹
413 2177 616 2241 posteris
635 2177 900 2242 profutura,
923 2177 1075 2241 ipsam
1097 2176 1416 2226 subiciendam
1440 2192 1545 2226 esse
1565 2177 1775 2243 providit

362 2273 383 2298 ι
414 2253 641 2320 legittime
659 2253 864 2320 justicie,
893 2269 948 2302 ac
970 2258 1098 2302 recte
1121 2253 1356 2303 libramini
1382 2253 1594 2303 rationis.
1622 2254 1775 2321 [Ejus-

364 2350 386 2375 ‹
417 2330 545 2396 dem]
573 2331 716 2396 igitur
739 2331 892 2380 causis
915 2335 964 2380 et
985 2330 1269 2380 continentia
1293 2347 1477 2380 necnon
1505 2330 1772 2381 conditione

363 2426 385 2452 ‹
415 2407 620 2467 illorum,
638 2425 666 2456 a
681 2424 778 2472 quo
793 2414 840 2456 et
854 2408 902 2456 in
922 2423 1064 2472 quem
1083 2407 1175 2456 lata
1194 2407 1298 2467 fuit,
1314 2407 1526 2474 diligenti
1543 2424 1599 2458 ac
1615 2407 1773 2458 debita

364 2502 386 2528 ‹
415 2483 786 2534 consideratione
806 2483 1032 2550 pensatis,
1055 2489 1272 2550 patenter
1292 2502 1353 2534 ex
1373 2485 1445 2534 eis·
1462 2485 1584 2535 illius
1603 2485 1774 2535 astmi-

365 2579 385 2604 «
414 2566 494 2609 tur
516 2560 748 2610 evidentia
773 2561 995 2611 nullitatis
1018 2566 1067 2610 et
1087 2561 1332 2611 manifeste
1350 2562 1565 2628 arguitur
1582 2562 1770 2612 temeri-

410 2731 442 2765 1.
465 2730 640 2780 Beati-ix,
660 2732 738 2770 fille
756 2732 803 2770 de
823 2732 1031 2770 Baudouin
1050 2731 1282 2771 d'Avesnes.
