1838 3164
97 260 202 308 1313]
373 262 746 297 cunonoompms
771 262 924 296 amun
949 262 1228 297 ruscorum.
1434 258 1499 295 ¹97

155 341 365 406 Denique
386 340 512 391 idem
532 340 760 391 Hem-icus
777 340 1037 405 imperator
1057 341 1301 391 consilium
1319 340 1497 399 habuit,

91 424 143 469 ut
157 418 248 468 iret
263 417 512 468 obsessum
526 417 766 469 civitatem
780 415 1030 475 Florentie,
1046 418 1268 482 quoniam
1284 417 1323 468 si
1339 422 1503 483 posset

90 512 194 545 eam
225 511 418 560 capere,
450 494 511 543 de
540 493 660 543 facili
695 491 1000 558 postmodum
1033 498 1271 544 Romanos
1304 494 1503 544 submit-

88 578 226 623 teret.
253 572 453 622 Profecti
482 575 594 621 sunt
619 570 779 635 itaque
801 569 1061 635 imperator
1084 578 1133 621 et
1158 572 1246 621 viri
1270 573 1393 632 sui¹,
1420 574 1502 640 qui

86 649 403 700 ascendebant
438 664 588 713 usque
626 646 687 696 ad
722 662 972 696 numerum
1008 653 1091 698 Lx·
1127 648 1253 698 milia
1289 650 1502 714 equitum

87 731 422 793 pugnatorum,
441 728 767 789 veneruntque
782 723 843 775 ad
862 723 1116 790 quamdam
1135 724 1294 774 villam
1313 727 1500 776 nomine

86 806 391 853 Bonconvent
403 802 439 851 ².
466 803 676 866 Cumque
700 806 826 850 esset
849 800 952 851 dies
974 801 1324 860 Penthecostes‚
1353 803 1502 853 noluit

86 879 194 929 inde
215 878 455 937 recedere,
481 877 565 927 sed
588 877 830 927 confessus
853 877 1040 928 cuidam
1061 877 1289 936 Jacobite,
1316 878 1501 928 conses-

86 955 182 1006 sori
201 972 306 1014 suo,
325 955 433 1005 fecit
451 954 644 1004 missam
663 954 952 1004 sollemniter
969 954 1196 1004 celebrari
1218 972 1229 1002 ε
1249 955 1365 1005 hora
1385 972 1500 1006 vero

68 1032 451 1097 communionis,
485 1031 648 1081 abiens
681 1031 743 1081 ad
777 1032 947 1090 altare,
982 1031 1287 1083 devotissime
1321 1033 1500 1099 recepit

0 1132 2 1141 >
83 1125 256 1175 corpus
290 1107 482 1165 Christi,
517 1106 648 1172 quod
681 1107 724 1156 ei
757 1106 912 1157 dictus
943 1106 1154 1158 Jacobita
1188 1107 1497 1166 minian-avim

0 1165 2 1198 ἶ
84 1190 247 1252 postea
270 1201 386 1235 vero
410 1183 542 1234 dedit
564 1184 608 1233 ei
627 1183 980 1250 perceptionem
999 1184 1105 1249 (sic)
1131 1184 1179 1234 iu
1203 1183 1346 1234 calice
1370 1200 1500 1234 com-

0 1300 2 1317 ι
84 1265 283 1315 mixtam
305 1279 489 1314 veneno
514 1262 788 1313 fortissimo.

149 1343 298 1391 Porro
328 1340 472 1391 missa
505 1340 762 1400 celebrata,
800 1339 1008 1391 Jacobita
1042 1339 1199 1389 subito
1229 1341 1424 1390 recessit
1453 1347 1500 1389 et

84 1418 199 1469 abiit
229 1418 356 1483 apud
383 1418 642 1483 Neapolim,
673 1417 733 1468 ad
758 1418 1018 1470 Robertum
1048 1433 1211 1484 regem
1240 1418 1494 1484 prefatum.

83 1499 346 1562 Imperator
377 1500 535 1545 autem
564 1494 678 1544 abiit
706 1493 766 1544 ad
798 1510 1011 1544 mensam
1034 1500 1087 1544 ut
1110 1494 1382 1559 pranderet,
1414 1511 1499 1544 nec

83 1572 235 1622 adhuc
259 1572 465 1637 primum
491 1571 720 1621 ferculum
744 1570 954 1636 positum
977 1577 1080 1621 erat
1100 1587 1245 1636 supra
1263 1587 1494 1628 mensam,

84 1648 212 1715 quod
237 1648 495 1714 imperator
519 1648 646 1697 vires
674 1647 876 1697 motivas
904 1647 1230 1697 membrorum
1260 1648 1417 1697 amisit
1451 1655 1498 1697 et

82 1725 248 1776 allatus
271 1731 344 1776 est
367 1725 415 1775 in
439 1741 625 1775 camera
649 1741 751 1774 sua.
779 1725 990 1790 Cumque
1018 1724 1188 1774 medici
1216 1731 1499 1775 vocarentur

82 1802 142 1852 ad
167 1801 427 1853 curandum
447 1818 573 1859 eum,
596 1817 763 1852 omnes
787 1817 1019 1851 consensu
1044 1801 1251 1851 unanimi
1275 1801 1499 1852 dixerunt

81 1879 210 1945 quod
229 1879 349 1930 bene
373 1884 596 1930 sanarent
613 1894 741 1937 eum,
765 1878 804 1928 si
820 1878 961 1928 vellet
982 1878 1280 1944 acquiescere
1300 1878 1496 1929 consilio

86 2040 102 2063 ι
125 2038 188 2067 ses
208 2026 483 2067 constitutions
510 2025 705 2075 alleguees
725 2031 764 2064 et
784 2025 955 2064 seroient
980 2026 1105 2064 moult
1131 2025 1295 2076 leugues
1314 2026 1338 2063 ἰι
1357 2031 1497 2065 mettre

86 2102 103 2123 a
126 2098 177 2126 en
198 2085 357 2136 escript.
382 2099 399 2122 ι

131 2146 165 2183 1.
187 2143 312 2183 Henri
331 2143 407 2183 vn
425 2149 537 2182 entra
555 2154 605 2182 en
627 2154 841 2193 campagus
861 2144 897 2182 le
916 2143 939 2181 9
958 2145 1051 2182 aout
1073 2143 1178 2182 1313.

127 2203 164 2242 2.
185 2204 494 2242 Buonconvento
513 2214 563 2241 en
583 2203 776 2241 Toscane.
799 2202 996 2252 Quelques
1022 2196 1257 2252 chroniques
1285 2203 1498 2242 italiennes

83 2269 151 2302 ont
181 2263 300 2301 relate
329 2267 430 2302 cette
458 2262 615 2301 version
642 2262 689 2299 de
719 2262 756 2300 la
786 2267 888 2300 mort
916 2262 964 2299 de
991 2262 1116 2300 Hem-i
1144 2262 1242 2310 vn,
1273 2263 1373 2300 mais
1402 2275 1499 2312 pour

83 2322 261 2360 l’ecarter
269 2335 278 2366 ;
295 2321 390 2360 elles
402 2322 634 2371 pretendent
647 2321 742 2371 qu'il
761 2326 918 2359 mourut
931 2320 1046 2359 d’une
1066 2321 1186 2360 fievre
1205 2322 1498 2370 pestilentialis,

82 2381 118 2420 le
137 2381 183 2419 24
203 2382 294 2419 aout
316 2380 420 2419 1313.
442 2380 513 2428 (Cf.
534 2380 738 2427 Murum-i,
758 2387 787 2418 t.
809 2380 886 2427 IX,
907 2382 980 2418 col.
1005 2380 1111 2427 1116,
1129 2380 1360 2428 1117,128‘2‚
1381 2386 1419 2419 et
1439 2381 1497 2419 les

83 2441 245 2479 Annales
266 2442 486 2485 Labicanos,
509 2440 638 2487 Perta,
658 2441 874 2488 Scriptores,
892 2445 921 2477 t.
938 2439 1051 2486 XVI,
1065 2451 1102 2488 p.
1118 2439 1217 2486 423.)
1237 2440 1313 2478 Les
1334 2441 1498 2479 Grandes

87 2501 313 2547 Chroniquos
334 2501 374 2545 (t.
396 2500 446 2548 V,
466 2511 503 2549 p.
524 2500 594 2539 200
613 2505 652 2538 et
671 2500 754 2546 20¹)
777 2504 1001 2548 rapportent
1020 2510 1095 2548 que
1115 2499 1151 2536 le
1172 2499 1240 2537 fait
1259 2499 1307 2537 de
1327 2500 1496 2549 l’empoi·

85 2564 320 2597 sonnement
345 2559 446 2597 n'est
470 2569 540 2608 pas
563 2560 710 2608 prouve
734 2564 773 2596 et
803 2558 895 2608 qu'il
921 2564 980 2596 est
1005 2569 1079 2607 peu
1105 2558 1414 2597 vraisemblable.
1434 2559 1496 2597 En

85 2619 185 2666 cela,
195 2619 289 2656 elles
303 2619 511 2657 s'ecartent
524 2617 571 2656 de
585 2618 622 2656 la
637 2620 847 2666 Chi-unique
858 2618 909 2655 du
923 2618 1200 2657 continuateur
1212 2619 1259 2656 de
1272 2619 1497 2657 Guillaume

85 2677 132 2716 de
151 2677 301 2726 Nangis
322 2678 412 2724 (t.1,
432 2689 469 2726 p.
490 2677 587 2725 398),
607 2677 675 2727 qui
695 2677 824 2716 admet
840 2678 931 2727 qu'il
952 2678 1009 2715 fut
1028 2677 1296 2726 empoisonne,
1317 2678 1339 2715 ὲ
1362 2677 1495 2716 l'insti-

89 2737 221 2786 gation
242 2737 310 2775 des
329 2735 570 2783 Florentius,
589 2747 659 2785 par
678 2748 732 2776 un
751 2737 870 2775 Frere
891 2736 1102 2774 Preeheur.
