1838 3164
335 277 381 314 42
617 277 990 312 cunonoumffln
1016 276 1169 311 noun
1194 275 1473 310 mucetum.
1638 272 1746 321 {¹2⁹8

334 358 475 407 fuerit
504 356 680 406 ibidem
720 354 1057 411 honorabiliter
1093 358 1336 419 receptus,
1375 358 1533 404 tamen
1565 353 1747 405 nullum

335 440 525 500 pactum
550 433 703 483 facere
727 433 881 499 potuit
905 432 1034 498 quod
1063 432 1270 499 placeret
1297 430 1485 482 duobus
1511 431 1704 500 regibus
1732 448 1746 482 ι

333 525 479 575 quare
503 509 551 558 in
576 508 794 576 Angliam
815 515 890 559 est
912 525 1153 559 reversus.

397 588 608 652 Cumque
631 585 810 653 Anglici
834 586 1157 652 percepissent
1181 585 1310 651 quod
1329 583 1622 644 Edmondus,
1654 584 1753 637 sra-

333 669 407 713 ter
438 663 587 730 regis,
621 663 801 730 absque
843 663 974 729 pacis
1011 663 1222 729 quolibet
1260 668 1424 729 pacto,
1467 661 1670 713 redisset
1702 661 1753 714 in

334 741 553 807 patriam,
581 742 763 792 accrius
786 757 1010 808 guerram
1034 741 1244 791 fecerunt
1261 747 1309 791 et
1330 740 1538 791 tulerunt
1555 738 1751 806 quibu-

332 819 442 869 dam
476 818 820 870 mercatoribus
855 819 915 869 de
952 835 1101 885 regno
1137 818 1281 869 Gallie
1321 817 1562 884 octoginta
1602 833 1751 869 nave·

331 895 532 946 diversis
549 895 867 946 mercimoniis
890 901 1103 946 onustas.
1126 898 1184 945 Et
1201 894 1359 945 statim
1380 901 1508 960 post,
1538 894 1751 960 prefatus

332 989 419 1023 rex
443 973 760 1032 Edowardus‚
795 972 1080 1022 remittendo
1116 972 1388 1040 homagium
1423 987 1589 1031 suum,
1626 971 1751 1024 diffi-

333 1049 461 1099 davit
482 1049 767 1115 Philippum,
797 1065 963 1116 regem
986 1048 1321 1100 Francorum¹.

397 1129 544 1176 Porro
568 1126 682 1176 illud
707 1126 1077 1186 matrimonium,
1113 1126 1242 1192 quod
1269 1126 1548 1177 contrahere
1563 1124 1753 1177 volebat

331 1219 439 1253 cum
480 1203 706 1253 Guidonis
744 1203 931 1253 comitis
971 1203 1185 1254 Flandrie
1218 1203 1340 1262 fllia,
1376 1202 1458 1253 diu
1488 1219 1584 1253 non
1617 1202 1752 1255 latuit

331 1279 595 1345 Philippum
619 1295 783 1346 regem
806 1282 1142 1330 Francorum’.
1170 1280 1278 1340 Qui,
1303 1286 1357 1330 ut
1381 1278 1603 1345 periculis
1620 1285 1753 1331 ante-

330 1373 474 1421 quam
509 1363 776 1406 crescerent
813 1356 1048 1416 obviaret,
1087 1357 1247 1407 dicere
1283 1356 1394 1408 fecit
1429 1356 1557 1407 dicto
1589 1355 1750 1408 comiti

329 1434 601 1484 Flandrensi
622 1434 756 1499 quasi
780 1450 897 1484 vero
920 1450 981 1484 ex
1000 1439 1136 1500 parte
1154 1434 1227 1484 eui
1247 1450 1336 1500 per
1353 1433 1608 1499 quemdam
1624 1433 1751 1500 ejus-

329 1511 438 1561 dem
461 1511 646 1561 comitis
670 1511 1040 1570 consiliatorem,
1075 1510 1205 1577 quod
1236 1510 1364 1561 idem
1391 1527 1479 1561 rex
1508 1510 1751 1578 Philippus

329 1595 492 1638 contra
504 1589 661 1654 ipsum
673 1588 914 1639 iracondia
932 1595 1224 1647 moveretur,
1241 1588 1282 1639 si
1296 1588 1389 1638 filia
1401 1604 1506 1647 sua,
1528 1587 1630 1639 sine
1646 1588 1751 1655 ejus

329 1672 377 1716 et
398 1667 631 1721 consortis
653 1683 738 1717 sue
761 1666 924 1733 regine
948 1666 1156 1726 licencia,
1180 1666 1306 1716 ultra
1324 1683 1456 1717 mare
1471 1666 1750 1733 innnglim

329 1743 599 1794 duceretur.
627 1743 714 1804 Qui
739 1759 854 1792 mox
878 1743 988 1793 huic
1011 1744 1205 1793 consilio
1225 1744 1547 1809 acquiescens,
1567 1743 1751 1811 accepit

328 1821 472 1870 filiam
485 1838 619 1871 suam
631 1827 679 1870 et
695 1837 803 1870 cum
820 1836 994 1887 magno
1004 1820 1273 1887 comi[ta]tu
1288 1837 1344 1870 ac
1358 1820 1502 1871 nobili
1518 1826 1750 1887 apparatu

327 1898 480 1964 ipsam
504 1897 641 1948 duxit
664 1898 711 1947 in
735 1897 997 1957 Franciam‚
1025 1897 1087 1947 ad
1116 1897 1269 1948 dictos
1291 1914 1459 1965 regem
1482 1898 1748 1965 Philippum

327 1980 375 2024 et
398 1974 629 2041 reginam,
658 1991 858 2024 uxorem
877 1975 998 2042 ejus,
1025 1991 1147 2040 quos
1170 1975 1298 2041 apud
1321 1975 1593 2026 corbolium
1615 1975 1749 2027 invo-

327 2052 423 2111 nit;
457 2058 742 2118 acceptaque
768 2052 867 2101 ‘filia
896 2068 981 2102 sua
1010 2067 1171 2102 coram
1202 2068 1340 2119 rege,
1375 2053 1505 2102 stetit
1533 2052 1696 2103 dicens
1728 2070 1743 2102 ε

375 2182 410 2218 1.
431 2170 612 2218 Fldouard
630 2180 684 2218 1⁶¹·
703 2181 873 2230 chargea
892 2180 1183 2219 effectivement
1203 2192 1266 2220 ses
1285 2192 1507 2231 messagers
1523 2181 1570 2220 do
1590 2182 1747 2221 notifier

326 2240 350 2277 εὶ
369 2239 546 2289 Philippa
575 2239 610 2277 le
639 2239 713 2278 Bel
737 2240 831 2290 qu’il
859 2251 901 2278 se
927 2241 1166 2291 soustrayait
1184 2241 1209 2278 a
1228 2252 1300 2279 son
1319 2241 1542 2290 hommage.
1565 2241 1744 2292 fflymor,

329 2299 482 2343 Badera,
506 2297 565 2336 ed.
595 2298 703 2346 1816,
729 2302 757 2335 t.
783 2298 818 2346 1,
845 2298 886 2336 2·
911 2298 1050 2347 partie,
1070 2310 1108 2347 p.
1129 2299 1228 2346 807.)
1249 2300 1304 2338 Le
1331 2300 1420 2348 plu·
1446 2299 1625 2349 curienx,
1650 2300 1747 2349 c’ent

328 2368 418 2406 que,
439 2358 589 2406 malgre
610 2358 667 2396 les
684 2357 785 2395 bons
802 2363 979 2407 rapports
997 2358 1117 2407 qu'on
1128 2358 1257 2397 aurait
1267 2360 1455 2408 supposes
1468 2360 1615 2398 existet
1631 2365 1747 2400 cntra

328 2416 364 2454 le
384 2422 511 2455 comte
525 2416 572 2454 do
587 2415 756 2455 Flandrc
769 2421 808 2454 et
821 2416 858 2454 le
872 2416 931 2454 roi
942 2416 1231 2466 d'Angleterx-e,
1245 2418 1415 2467 celui-ci,
1430 2419 1466 2456 le
1478 2419 1525 2456 20
1544 2419 1624 2457 mai
1637 2419 1746 2469 ¹294,

327 2475 498 2524 revoqua
517 2475 574 2512 les
594 2474 887 2514 saus-conduits
906 2475 1090 2515 accon-des
1106 2476 1303 2526 jusque-la
1324 2489 1402 2515 aux
1420 2477 1658 2516 marchands
1677 2479 1745 2517 ssa·

325 2533 465 2572 mande
484 2536 608 2579 abia„
637 2547 673 2584 p.
699 2535 798 2579 801).
819 2554 870 2564 -
885 2533 944 2572 Cf.
971 2535 1181 2583 chronique
1209 2536 1257 2575 de
1275 2536 1499 2576 Guillaume
1525 2537 1575 2576 de
1590 2537 1745 2589 Nangis

327 2595 368 2641 (t.
387 2594 481 2643 1,·p.
502 2594 584 2640 283)
607 2599 646 2632 et
666 2595 830 2633 Grandes
851 2595 1081 2642 Chi-uniquus
1099 2600 1144 2640 (t.
1167 2595 1219 2643 V,
1239 2607 1278 2644 p.
1301 2597 1397 2643 105).

372 2654 408 2691 2.
429 2653 486 2691 La
511 2654 721 2701 chronique
743 2655 950 2692 normannie
967 2655 1019 2698 du
1037 2656 1087 2692 11
1094 2656 1130 2691 V·
1148 2657 1267 2700 siecle,
1297 2656 1451 2704 publiea
1475 2668 1547 2705 par
1569 2656 1666 2694 Π.
1686 2655 1739 2695 Α.

327 2716 367 2749 et
384 2711 431 2749 E.
454 2712 648 2760 Molinier,
669 2712 724 2750 dit
743 2723 819 2761 que
838 2713 875 2750 le
895 2723 988 2750 nom
1006 2712 1058 2751 du
1078 2713 1279 2752 chevalier
1298 2715 1470 2753 flamand
1496 2715 1564 2764 qui
1586 2716 1742 2765 prevint

328 2771 364 2808 le
385 2771 442 2808 roi
462 2771 509 2808 de
527 2772 680 2810 France
699 2772 793 2810 etait
815 2771 967 2820 Symon
984 2771 1128 2811 Lavais
1152 2775 1201 2822 (p.
1225 2774 1271 2820 1).
