1838 3164
267 251 310 288 12
549 248 919 283 ΟΗΒΟΝΟΰ-ΚΑΡΗΙΛ
947 247 1098 280 numm
1124 245 1402 279 fflNOORUU.
1561 240 1666 285 ΗΠΒ

262 348 375 380 vero
402 327 723 395 suspencionis
746 327 864 393 ejus,
887 326 1082 376 aderant
1108 324 1203 390 xiiij
1225 330 1324 373 tam
1341 322 1503 381 duces,
1524 339 1667 388 quam

262 406 480 457 comites¹
510 422 592 454 seu
618 403 863 453 barones2.

325 482 521 543 Quidam
556 487 714 531 autem
747 479 911 530 dicunt
939 479 1077 528 aliam
1107 493 1295 528 causam
1325 475 1537 543 ejusdem
1566 492 1670 526 ms·

261 559 499 625 pencionis
535 557 676 607 fuisse
715 574 725 605 ε
767 573 875 605 nam
910 560 1273 621 presumptuose
1315 558 1497 610 motus,
1544 551 1670 602 idem

260 642 424 687 Petrus
464 635 584 685 filios
620 634 842 700 proprios
881 632 1082 682 vestium
1118 631 1360 697 qualitate,
1404 628 1510 678 filiis
1543 627 1670 694 regis

262 728 399 778 pares
427 710 650 767 faciebat;
678 715 726 758 et
750 709 914 766 eciam,
943 724 1031 773 per
1051 706 1177 756 idem
1201 712 1406 771 tempus,
1431 703 1667 754 Johannes

261 789 358 838 dux
391 786 661 844 Brabantie,
703 786 848 835 frater
877 784 1013 850 hujus
1052 783 1212 849 regine
1248 788 1297 831 et
1324 797 1484 831 comes
1513 782 1668 831 Attre-

261 865 483 922 batensis‚
516 862 825 913 consobrinus
856 861 999 927 regis,
1035 858 1394 925 frequentabant
1422 854 1669 908 hastiludia

260 959 368 992 cum
385 942 566 1007 magnis
585 940 795 989 custibus
810 944 859 988 et
874 938 1094 1003 expensis
1115 955 1125 986 τ
1146 943 1195 986 et
1211 936 1319 1001 quia
1335 935 1489 985 dictus
1504 937 1670 984 Petrus

260 1019 543 1069 sufficientes
567 1033 816 1082 expensas,
839 1015 1011 1080 quibus
1035 1014 1323 1080 indigebant,
1346 1016 1671 1078 competenter

260 1113 352 1145 non
378 1096 446 1144 eis
469 1094 765 1160 largiretur³,
791 1098 955 1142 contra
979 1107 1088 1141 eum
1113 1090 1343 1139 invidiose
1372 1088 1508 1148 moti,
1533 1104 1670 1138 accii-

260 1177 480 1222 saverunt
495 1170 620 1236 apud
637 1186 800 1236 regem
816 1167 1174 1234 quamplurimis
1190 1165 1484 1223 criminibus,
1503 1165 1551 1214 in
1568 1171 1671 1215 tsn-

261 1255 360 1298 tum
385 1253 434 1297 ut
457 1246 711 1311 suspendio
736 1246 907 1312 dignus
933 1244 1240 1310 judicaretur.
1269 1244 1480 1307 Cumque
1509 1247 1669 1291 autem

259 1325 318 1373 ad
343 1323 602 1388 patibulum
626 1323 673 1370 in
699 1321 926 1387 quadriga
951 1321 1220 1378 duceretur,
1245 1319 1412 1385 prefati
1437 1318 1536 1369 dux
1555 1322 1670 1369 Bra-

259 1400 414 1451 bantie
445 1415 696 1464 comesque
721 1396 1064 1449 Attrebatensis
1088 1394 1360 1461 equitabant
1379 1394 1513 1461 juxta
1538 1411 1667 1453 eum,

259 1493 380 1526 unus
406 1495 432 1525 a
464 1475 646 1525 dextris
675 1481 722 1524 et
753 1475 874 1524 alter
903 1491 931 1523 a
958 1472 1184 1530 sinistris,
1216 1471 1534 1522 conducentes
1562 1488 1672 1522 eum

260 1552 471 1602 canendo
506 1568 657 1617 usque
693 1550 753 1600 ad
789 1556 1055 1616 pretactum
1089 1553 1296 1599 Montem
1326 1548 1538 1599 Falconis
1566 1547 1668 1608 ubi,

260 1629 379 1678 sicut
403 1628 580 1677 dictum
605 1632 692 1686 est,
719 1626 804 1676 fuit
828 1627 876 1675 in
903 1625 1114 1692 patibulo
1139 1626 1445 1690 suspensus⁴.

325 1705 535 1754 Habebat
549 1720 752 1768 namque
767 1703 1007 1769 predictus
1023 1718 1182 1752 comes
1196 1701 1537 1752 Attrebatensis
1552 1717 1671 1751 uxo-

259 1799 386 1841 rem,
423 1799 515 1846 que
545 1786 648 1830 erat
674 1780 768 1829 filia
795 1780 974 1829 domini
1000 1779 1125 1829 Petri
1155 1778 1215 1828 de
1246 1780 1550 1837 Cortenaco⁶,
1586 1778 1670 1843 qui

309 1952 342 1988 1.
366 1949 467 1987 C'est
486 1949 509 1986 ὁ,
529 1954 591 1987 cet
615 1948 768 1987 endroit
791 1949 918 1997 precis
936 1959 1011 1998 que
1032 1948 1191 1986 s'arrete
1213 1948 1249 1986 le
1274 1953 1381 1986 texte
1399 1947 1447 1986 de
1465 1947 1672 1987 Bsudouin

261 2009 490 2047 d’Avesnes.

308 2067 343 2104 2.
364 2065 620 2104 L‘execution
640 2070 707 2104 eut
726 2065 805 2103 lieu
827 2065 863 2102 le
887 2065 932 2103 30
947 2064 1034 2114 juin
1056 2065 1160 2104 1278.

308 2126 343 2163 3.
366 2126 420 2163 Μ.
437 2125 579 2163 Ch.-V.
602 2124 786 2173 Langlois
807 2124 857 2172 (p.
877 2123 920 2161 21
948 2129 987 2162 et
1014 2136 1053 2162 n.
1075 2125 1097 2161 4
1115 2129 1154 2161 et
1172 2136 1211 2173 p.
1231 2123 1278 2162 2⁴2
1296 2129 1335 2162 et
1353 2135 1393 2161 n·
1422 2123 1454 2170 3)
1476 2123 1568 2161 s'est
1586 2123 1671 2170 fait,

261 2184 359 2222 mais
380 2194 473 2221 avec
493 2194 571 2220 une
590 2183 793 2221 excessivo
813 2184 984 2230 reservo,
1004 2183 1129 2221 l’echo
1148 2182 1196 2221 de
1217 2194 1282 2221 ces
1301 2182 1439 2220 bruits.
1460 2182 1494 2219 11
1513 2193 1563 2220 ne
1576 2182 1634 2219 les
1647 2193 1673 2220 s

262 2254 413 2281 connus
427 2254 502 2292 que
514 2253 585 2290 par
598 2243 634 2280 le
653 2242 911 2291 compilateur
923 2241 991 2279 des
1010 2243 1215 2280 Anciennes
1228 2243 1446 2288 chronique:
1457 2243 1501 2284 do
1512 2243 1672 2279 Mandro

264 2304 341 2350 (xv·
363 2302 494 2347 siecle,
519 2302 654 2339 Hister.
675 2303 718 2339 do
736 2304 814 2345 Fr„
834 2306 862 2338 t.
884 2301 1022 2348 XXII,
1036 2312 1074 2350 p.
1097 2301 1195 2349 348),
1215 2300 1281 2350 qui
1301 2301 1358 2338 les
1372 2311 1395 2338 a
1409 2300 1671 2349 empruntess

262 2361 300 2397 la
317 2359 445 2396 meme
464 2370 601 2396 source
621 2369 695 2407 que
722 2364 835 2396 notre
854 2358 1131 2407 chroniqueur‚
1149 2363 1236 2396 tout
1258 2369 1310 2396 en
1330 2357 1542 2407 abregeant
1561 2363 1600 2396 et
1619 2369 1670 2396 en

262 2424 487 2467 tronquant.

309 2478 344 2515 4.
366 2477 418 2515 Ge
439 2477 536 2514 tecit
554 2476 601 2514 de
621 2477 659 2514 la
676 2476 852 2526 disgrace
870 2481 910 2514 et
929 2476 976 2514 de
995 2476 1033 2514 la
1054 2476 1172 2515 chute
1191 2476 1239 2514 de
1251 2476 1387 2514 Pierre
1405 2476 1453 2514 de
1472 2476 1510 2513 la
1528 2476 1673 2515 Brona

264 2541 322 2574 est
341 2536 417 2573 fort
437 2536 598 2573 curieux
624 2541 663 2573 et
690 2536 892 2585 beaucoup
922 2537 1010 2584 plus
1038 2535 1335 2574 vraisemblable
1364 2547 1439 2584 que
1466 2535 1568 2574 celui
1595 2546 1672 2585 que

264 2595 409 2632 fournit
429 2595 651 2632 Guillaume
669 2595 716 2632 de
735 2595 901 2644 Nangis.
922 2595 956 2632 Il
975 2595 1039 2632 n'a
1057 2605 1127 2643 pas
1147 2595 1210 2632 ete
1229 2605 1359 2632 connu
1383 2605 1454 2642 par
1478 2595 1531 2631 M.
1557 2593 1671 2631 suhi-

266 2655 347 2702 nal,
366 2654 463 2691 dans
484 2657 522 2691 la
540 2655 766 2701 Complainte
783 2659 817 2692 et
830 2657 863 2692 lo
874 2658 938 2701 iou
949 2656 992 2691 do
1011 2656 1137 2691 Pierre
1148 2655 1192 2691 de
1206 2656 1382 2691 zaBrosso
1393 2653 1534 2702 (Paris,
1549 2653 1666 2700 1835).

313 2714 346 2750 5.
370 2713 516 2751 Robert
530 2713 569 2750 II
581 2713 752 2751 d’Artois
765 2713 870 2752 avait
883 2714 1024 2762 epouse
1040 2713 1192 2751 Amicie
1205 2713 1253 2750 de
1266 2713 1488 2762 Courtenay
1496 2723 1549 2750 en
1560 2711 1667 2750 ¹262.

1832 368 1838 417 ἵ
