1838 3164
372 323 417 359 68
648 319 1021 356 onnouomumu
1046 317 1200 353 noun
1225 315 1507 352 ΜΟΟΙΠΙ.
1670 313 1778 361 [1²⁹7

368 402 427 451 ad
459 415 621 467 regem
649 399 698 448 in
726 397 972 448 obsidione
997 397 1259 447 Insularum
1292 394 1446 446 adbuc
1475 394 1774 446 existentem.

431 476 636 536 Qualiter
659 492 774 526 vero
799 474 999 533 obsessi,
1022 474 1220 526 durante
1248 472 1459 539 predicta
1482 471 1775 532 obmsione,

365 552 619 602 defensivis
630 551 1067 619 impugnacionibus
1077 568 1131 601 ac
1143 550 1324 600 crebris
1336 549 1590 600 asailtibus
1598 548 1659 599 de
1669 549 1778 600 villa

363 634 608 688 exeuntes,
627 628 878 680 obviarunt
892 628 1238 687 obsessoribus,
1259 626 1624 694 pretermittitur
1637 642 1779 677 cansa

363 704 650 755 brevitatis¹.
679 707 746 755 De
769 705 943 770 quibus
966 704 1161 771 quidem
1185 703 1438 754 assultibus
1458 709 1507 752 et
1524 701 1780 753 invasioni-

362 781 452 831 bus
477 780 814 848 pretermissis,
835 798 922 831 rex
948 780 1141 831 Francie
1166 780 1315 830 histis
1331 785 1379 830 et
1393 779 1576 838 dolens,
1604 794 1781 830 convo-

361 864 467 908 cato
484 858 696 918 consilio,
720 858 886 924 petivit
910 857 972 908 de
996 857 1141 908 modo
1164 873 1336 925 guerre
1361 873 1447 907 sue
1470 863 1613 922 atque
1637 855 1776 916 dixit,

361 935 490 1001 quod
537 952 625 985 rex
666 935 830 1002 Anglie
878 935 1096 997 veniebat
1133 950 1244 985 cum
1283 934 1443 985 multis
1482 932 1780 1001 principibus

361 1012 597 1081 Almanie,
641 1027 781 1062 causa
813 1010 1010 1078 juvandi
1045 1011 1268 1061 comitem
1310 1010 1527 1062 Flandrie
1560 1016 1610 1061 et
1649 1008 1780 1076 quod

360 1089 651 1155 Radulphus,
674 1105 759 1138 rex
786 1088 1015 1147 Almanie,
1043 1105 1184 1139 causa
1208 1088 1347 1155 buius
1370 1087 1576 1139 debebat
1594 1086 1776 1138 νεοίη.

360 1169 488 1215 Tunc
511 1165 757 1231 respondit.
780 1165 1017 1216 Johannes
1034 1182 1195 1216 comes
1214 1165 1441 1224 Hanonie,
1467 1181 1618 1231 nepos
1632 1164 1781 1215 comi-

361 1243 422 1292 tis
453 1242 670 1293 Flandrie
706 1243 868 1308 (quem
904 1243 1141 1293 Robertus
1171 1242 1497 1301 F'landrensis,
1532 1241 1687 1293 dictus
1719 1240 1782 1292 de

359 1319 607 1378 Bethania,
651 1319 851 1369 multum
894 1325 1176 1386 gravaverat
1210 1319 1258 1369 in
1289 1335 1462 1387 guerra
1495 1334 1640 1385 quam
1670 1333 1780 1370 mm

360 1396 530 1446 comite
539 1396 810 1447 Flandrensi
817 1435 830 1456 ,
847 1403 984 1463 patre
996 1413 1101 1456 suo,
1118 1397 1240 1447 sicut
1257 1403 1307 1447 et
1317 1403 1452 1464 pater
1462 1396 1583 1463 ejus,
1598 1394 1781 1447 dudum

359 1473 603 1532 habuerat,
632 1473 714 1538 qui
738 1489 878 1523 causa
902 1473 1041 1540 hujus
1061 1490 1112 1524 se
1130 1473 1353 1541 junxerat
1370 1474 1471 1541 regi
1491 1476 1780 1524 Paucorum

359 1549 614 1616 Philippo),
642 1551 772 1615 quod
796 1567 883 1600 rex
909 1551 1118 1601 Aimanie
1143 1557 1246 1601 erat
1270 1551 1472 1602 multum
1501 1549 1704 1618 cupidus
1731 1555 1782 1600 et

360 1625 506 1690 quod,
530 1641 620 1691 pro
638 1626 899 1677 donacione
918 1627 1243 1694 pecuniarum,
1267 1628 1428 1678 statim
1447 1644 1500 1678 se
1517 1627 1783 1679 retrahe-ct

359 1718 386 1751 a
411 1719 601 1769 guerra.

424 1782 551 1828 Tunc
575 1795 661 1828 rex
682 1780 876 1830 Francie
899 1780 1029 1831 misit
1045 1781 1087 1831 ei
1108 1786 1314 1848 quatuor
1333 1781 1618 1832 sommarios
1634 1781 1780 1833 dena-

359 1855 540 1904 riorum
565 1872 652 1921 per
669 1856 898 1907 Jacobum
918 1857 978 1907 de
998 1859 1167 1907 Sancto
1187 1858 1354 1917 Paulo,
1381 1859 1461 1925 qui
1483 1858 1647 1909 abiens
1666 1874 1780 1925 rep-

360 1933 483 1998 perit.
515 1933 813 2000 Radulphum
845 1951 1009 2002 regem
1039 1936 1087 1986 in
1122 1937 1336 1996 Colonia,
1373 1953 1518 2003 quem
1547 1936 1780 2024 premissa

359 2010 642 2061 salutacione
680 2029 740 2061 ex
776 2018 913 2077 parte
948 2012 1075 2079 regis
1114 2013 1329 2073 Francie,
1366 2014 1553 2081 rogavit
1587 2013 1779 2064 nomine

358 2085 589 2152 ejusdem,
618 2087 747 2152 quod
772 2104 867 2137 non
892 2105 944 2138 se
970 2091 1194 2156 jungeret
1222 2089 1423 2140 inimicis
1454 2091 1556 2157 ejus
1580 2090 1641 2141 ad
1664 2107 1778 2158 gra·

358 2165 567 2215 vandum
589 2181 716 2223 eum,
745 2166 969 2230 quoniam
989 2166 1110 2231 ipse,
1132 2166 1180 2216 in
1199 2167 1509 2217 coronacione
1529 2184 1631 2224 sua,
1648 2167 1779 2235 jnra-

358 2247 491 2290 verat
524 2241 653 2306 quod
689 2242 829 2291 nichil
865 2249 1053 2308 raperet
1082 2243 1135 2293 in
1171 2260 1319 2310 regno
1349 2244 1566 2303 Francie,
1593 2250 1643 2294 et
1672 2243 1778 2311 pari

358 2317 519 2376 modo,
534 2318 689 2384 [sicut]
701 2319 1351 2386 regisanciejuramentum
1359 2321 1420 2370 ad
1431 2322 1522 2371 hoc
1530 2322 1776 2388 hucusque

358 2451 580 2490 Guillaume
607 2453 655 2491 de
682 2453 833 2503 Nangis
861 2460 901 2492 et
928 2454 1152 2493 Guillaume
1179 2454 1320 2492 Guiart
1351 2454 1556 2504 indiquent
1584 2454 1622 2492 le
1649 2454 1775 2493 manti

359 2510 471 2557 apres
490 2510 783 2560 l’Assomption,
799 2512 1031 2550 e’est-a-dire
1044 2513 1080 2550 le
1095 2513 1141 2551 20
1155 2514 1261 2551 aoflt.
1277 2513 1399 2551 Notre
1414 2513 1630 2562 chronique
1643 2511 1775 2552 donne

358 2567 395 2605 le
416 2568 460 2605 14
480 2570 585 2607 aoht.
612 2569 675 2608 On
694 2571 803 2609 vient
821 2571 868 2610 de
886 2571 972 2610 voir
987 2571 1075 2620 plus
1094 2572 1190 2609 haut
1208 2571 1302 2621 qu’il
1322 2571 1445 2610 fallait
1459 2571 1620 2621 adoptet
1632 2570 1774 2610 ladate

358 2625 410 2663 du
431 2627 475 2666 13
496 2629 602 2666 aout.

407 2687 441 2724 1.
461 2686 496 2724 Il
513 2687 615 2726 n'est
633 2700 703 2737 pas
720 2690 929 2729 temeraire
953 2689 1180 2729 d'admettre
1205 2702 1281 2740 que
1309 2691 1366 2730 les
1392 2692 1490 2730 trois
1514 2690 1692 2741 epi-odes
1717 2690 1769 2729 du

359 2745 465 2793 siege
484 2746 530 2783 de
549 2748 662 2796 Line,
682 2749 823 2788 relates
846 2761 919 2798 par
943 2750 982 2788 la
1008 2751 1219 2798 chronique
1242 2753 1449 2789 normands
1475 2753 1528 2789 du
1553 2752 1649 2790 nv·
1665 2752 1772 2789 :idda

362 2804 412 2854 (p.
433 2804 455 2842 6
473 2805 497 2842 ἑ,
513 2806 584 2854 10),
605 2814 694 2845 sont
712 2820 813 2846 ceux
830 2821 906 2858 que
924 2814 1036 2848 notre
1055 2815 1196 2848 auteur
1213 2810 1389 2849 s'excuse
1408 2810 1456 2849 de
1474 2821 1624 2860 passer.
