1838 3164
97 270 201 319 1303]
364 273 735 310 omouooml’ms
759 272 912 307 alc-uu
936 272 1215 307 mucetum
1425 268 1489 306 131

94 352 186 410 lici,
209 357 519 401 cucumer-unt
540 356 706 401 contra
727 365 811 399 eos
829 349 1086 398 clamorem
1109 365 1248 399 suum
1271 349 1363 400 alta
1380 364 1497 399 voce

91 428 369 486 clamantem
390 427 615 494 Flamingi
638 441 830 492 quoque
852 424 975 475 illico
994 425 1216 491 fugerunt
1233 431 1282 475 et
1299 425 1498 492 ingressi

90 510 199 554 sunt
217 504 459 569 quoddam
477 518 679 570 parvum
698 517 882 559 nemus,
898 501 1028 566 quod
1044 508 1117 551 est
1130 509 1239 551 ante
1256 502 1499 552 castellum

89 581 150 631 de
184 581 386 639 Rohut¹,
424 580 504 631 ubi
540 578 873 645 quamplurimi
906 595 934 627 a
967 578 1153 628 Gallicis
1188 578 1330 628 occisi
1369 584 1495 637 sunt,

88 657 256 722 reliqui
279 673 396 708 vero
419 657 659 724 fugerunt.

153 733 364 799 Denique
389 732 608 784 dominus
628 730 830 783 lacobus
854 730 916 782 de
940 734 1163 797 Bayonna
1189 746 1307 781 sono
1331 730 1499 781 bucine

90 809 199 861 fecit
222 809 504 876 *congregari
536 825 726 867 omues,
761 814 814 859 ut
841 807 1053 862 Μίνωι
1078 823 1246 858 versus
1277 810 1498 858 Sanctum

87 886 425 944 Andomarum‚
441 885 523 951 qui
538 891 674 936 erant
689 886 888 936 multum
906 885 1015 935 fessi
1026 891 1076 936 et
1091 884 1252 951 plures
1265 900 1499 951 equorum

88 962 190 1021 lesi,
224 979 283 1013 eo
313 962 442 1027 quod
477 968 767 1028 pugnassent
796 979 823 1012 a
854 961 1006 1028 prima
1025 978 1177 1027 usque
1207 960 1269 1011 ad
1302 977 1496 1011 nonam.

87 1039 297 1103 Cumque
311 1037 572 1104 regressuri
589 1043 749 1087 essent
763 1037 824 1087 dc
837 1053 1024 1103 campo,
1040 1036 1263 1086 viderunt
1279 1053 1499 1103 magnam

89 1113 434 1165 multitudinem
454 1114 735 1165 vexillorum
751 1115 884 1164 exire
902 1113 964 1165 de
981 1114 1187 1179 quadam
1205 1130 1353 1179 parva
1369 1114 1495 1172 villa,

88 1190 168 1240 ubi
201 1196 336 1241 erant
369 1190 504 1255 quasi
541 1196 726 1256 septem
761 1190 887 1241 milia
921 1190 1168 1241 hominum
1204 1192 1498 1248 armomm23

89 1266 171 1332 qui
201 1265 394 1331 quidem
424 1266 472 1316 in
504 1266 698 1317 modum
726 1267 847 1318 scuti
880 1283 933 1317 se
964 1266 1321 1324 ordinaverunt,
1359 1272 1500 1332 atque

91 1343 303 1394 acumine
329 1343 485 1408 primo
510 1344 699 1395 insimul
721 1343 907 1395 sortiter
925 1344 1092 1396 serrati
1111 1360 1166 1395 ac
1187 1344 1422 1409 illaqueati
1439 1361 1500 1395 ne

88 1426 465 1485 penetrat-entur,
494 1426 726 1471 venerunt
748 1426 911 1471 contra
936 1421 1151 1471 Gallicos.
1176 1421 1286 1471 uilo
1307 1437 1500 1487 quoque

88 1495 150 1546 de
188 1496 384 1546 Noieriis
425 1496 662 1547 ordinavit
702 1497 853 1548 aciem
893 1513 1028 1548 suam
1042 1535 1055 1556 ,
1098 1497 1297 1563 ipseque
1336 1503 1386 1547 et
1427 1497 1499 1548 aui

89 1573 300 1639 aggressi
323 1578 435 1623 sunt
458 1590 558 1623 eos.

154 1649 327 1700 Videns
350 1654 508 1700 autem
531 1649 736 1700 lacobus
758 1649 819 1700 de
843 1652 1063 1715 Bayonna
1087 1649 1216 1714 quod
1242 1666 1337 1700 non
1366 1656 1501 1716 pote-

16 1724 19 1726 ’
88 1731 163 1776 rat
178 1742 262 1777 eos
272 1741 511 1791 separare,
527 1742 586 1775 eo
597 1725 727 1791 quod
740 1725 843 1776 dies
855 1725 1182 1786 occumbebat,
1199 1726 1309 1777 fecit
1323 1728 1500 1777 retrahi

86 1802 256 1853 vexilla
287 1818 397 1860 sua;
433 1817 637 1867 cumque
673 1802 913 1868 paululum
946 1803 1154 1870 regressi
1189 1809 1364 1862 essent,
1398 1803 1500 1853 Fla-

87 1879 233 1946 mingi
257 1879 403 1930 secuti
427 1885 540 1930 sunt
561 1895 662 1929 eos.
692 1881 819 1939 Quos
843 1878 1012 1928 videns
1035 1878 1257 1929 dominus
1276 1879 1496 1938 lacobus,

0 1969 3 2022 ζ
89 1956 301 2022 precepit
333 1961 387 2005 ut
421 1955 493 2005 sui
526 1961 768 2005 verterent
795 1955 954 2006 vultus
987 1962 1152 2005 contra
1181 1956 1445 2022 Flamingos
1485 1976 1494 2004 :

88 2049 235 2099 porro
258 2033 483 2100 Flamingi
502 2033 632 2099 ipsos
652 2032 865 2083 videntes
882 2032 1292 2100 regrediebantur.
1316 2033 1500 2083 Gallicis

0 2107 2 2109 ’
88 2110 245 2175 itaque
278 2110 650 2166 revertentibus,
695 2110 919 2176 Flamingi
961 2110 1107 2161 secuti
1149 2116 1258 2160 sunt
1297 2126 1406 2166 eos,
1449 2116 1501 2160 ut

0 2599 10 2642 'r

91 2188 240 2254 prim,
269 2205 420 2255 usque
444 2189 614 2239 sexies.

141 2339 177 2377 l.
197 2339 272 2376 Les
289 2340 492 2377 Ancimnoe
510 2340 728 2386 chronique-s
747 2340 790 2375 da
809 2340 968 2376 mandre
987 2338 1163 2377 eci-iveni.
1182 2350 1228 2377 ce
1248 2350 1341 2377 nom
1363 2339 1465 2378 ainsi
1488 2354 1495 2377 :

96 2410 112 2433 ι
136 2396 318 2435 Ruhoud.
351 2410 367 2432 ι
396 2397 547 2444 (uictor.
576 2398 619 2434 do
648 2398 725 2443 Fr„
750 2403 780 2435 t.
807 2397 947 2444 XXII,
974 2409 1012 2446 p.
1040 2397 1136 2444 387.)
1162 2396 1201 2435 A
1225 2408 1365 2446 propos
1389 2397 1436 2435 de
1463 2398 1500 2436 la

92 2454 251 2493 bataills
269 2455 317 2493 de
338 2455 471 2493 Cassa!
490 2465 582 2493 sous
603 2455 779 2504 Philipps
799 2455 856 2494 VI
875 2456 923 2494 de
943 2455 1093 2502 valois,
1122 2456 1177 2493 les
1201 2457 1367 2495 Gronau
1387 2458 1499 2495 Chro-

94 2516 224 2561 niques
245 2516 286 2560 (t.
310 2512 359 2560 V,
385 2524 423 2563 p.
450 2513 532 2561 312)
558 2519 628 2552 ont
656 2514 732 2553 cite
759 2525 803 2553 ca
829 2526 936 2552 nom.
967 2514 1070 2552 C’est
1098 2515 1134 2553 le
1159 2515 1423 2554 Bois-duffloi
1448 2528 1499 2554 ou

95 2571 179 2610 bois
198 2572 245 2609 de
265 2571 527 2620 clau-marnis,
542 2578 654 2612 entre
674 2572 923 2613 saint-omer
937 2580 975 2612 et
989 2573 1165 2624 l'abbaye
1177 2574 1224 2614 ds
1237 2574 1498 2614 murmanis.
1527 2605 1533 2611 .

142 2631 178 2670 2.
200 2630 254 2669 Ge
274 2635 363 2669 sont
382 2630 420 2668 la.
438 2630 507 2669 des
526 2632 865 2682 mmignments
884 2634 950 2683 qui
975 2634 1211 2683 completum
1233 2634 1440 2673 utilement
1465 2635 1500 2672 le

98 2690 195 2729 roscit
225 2689 271 2728 de
303 2689 527 2728 Guillaume
557 2690 710 2731 Guiart.
744 2694 899 2741 (Hister.
930 2695 973 2730 do
1006 2694 1078 2738 ἢκ,
1110 2698 1139 2731 t.
1173 2693 1315 2741 XXII,
1346 2706 1382 2743 p.
1414 2693 1499 2741 2⁴⁴,

99 2758 187 2785 vers
208 2747 322 2786 15614
342 2754 379 2786 at
401 2748 606 2796 suivants.)
