1838 3164
113 292 216 340 1320]
385 297 755 331 CHRONOGRAPmA
780 297 934 330 uem!
958 296 1235 331 FRANconma.
1441 294 1509 331 249

110 376 524 435 conestabularius,
559 393 708 442 usque
739 375 799 424 ad
829 376 1036 425 medium
1069 376 1262 434 itineris,
1298 391 1406 426 cum
1438 376 1512 425 bis

108 453 340 502 sexcentis
365 453 630 502 hominibus
653 466 911 501 armorum.

171 529 335 579 Modus
358 535 534 586 autem,
556 545 651 593 quo
675 526 868 576 intravit
889 527 1064 586 villam,
1093 528 1179 577 suit
1203 529 1291 577 iste
1318 546 1328 576 :
1358 528 1510 593 prima

106 605 228 654 acies
252 605 631 671 Burgundorum,
656 619 764 652 cum
787 602 1035 651 duodecim
1058 604 1241 653 vexillis
1265 605 1508 669 expansis;

107 688 215 747 post
238 698 380 747 quam
403 681 687 746 sequebatur
709 679 962 738 comitissa,
988 680 1158 729 sedens
1175 681 1221 728 in
1243 697 1383 730 curru
1403 698 1508 738 suo,

106 775 210 808 eam
234 758 554 824 previantibus
577 756 804 806 tredecim
828 756 1027 814 vexillis,
1055 773 1199 822 quam
1223 757 1512 806 conducebat

89 830 231 884 'idem
253 834 672 892 conestabularius;
699 833 844 883 tercia
866 849 983 883 vero
1006 833 1131 883 acies
1153 839 1255 883 erat
1280 850 1511 883 maresca-

105 914 275 971 lorum‚
297 928 405 962 cum
424 928 507 961 sex
523 911 736 970 vexillis;
757 911 928 962 deinde
946 912 1099 962 dictus
1123 911 1347 978 magister
1364 911 1510 960 Theo-

103 990 292 1040 doricus
311 989 357 1038 in
375 988 610 1039 conductu
629 988 827 1038 militum
846 989 926 1054 qui
939 988 1213 1055 juraverant
1234 1003 1343 1037 eum
1369 987 1510 1036 morti

102 1064 309 1115 tradere.

166 1144 331 1191 Postea
368 1157 508 1198 vero,
545 1141 706 1190 abiens
741 1157 828 1206 per
862 1145 1014 1190 totum
1046 1140 1321 1190 comitatum
1352 1155 1507 1196 suum,

101 1217 326 1267 stabilivit
356 1217 607 1266 officiarios
638 1217 826 1266 nomine
857 1216 948 1274 sui,
984 1217 1205 1283 venitque
1228 1214 1507 1273 Bisdinium,

101 1293 181 1343 ubi
215 1299 396 1343 morata
425 1299 513 1342 est.
549 1295 696 1343 Porro
728 1293 949 1343 dominus
979 1292 1039 1342 de
1066 1293 1262 1342 Fiennes
1295 1292 1510 1342 tractavit

100 1386 211 1436 erga
231 1370 571 1428 marescallum,
595 1386 682 1435 per
699 1370 894 1420 comites
911 1370 1029 1436 Augi
1050 1375 1098 1419 et
1113 1369 1336 1427 Russiaci,
1358 1368 1506 1434 quod,

99 1463 206 1496 cum
246 1463 405 1496 comes
438 1446 653 1496 Flandrie
686 1446 828 1496 fuerit
863 1447 910 1495 in
946 1446 1186 1511 presencia
1219 1445 1360 1511 regis,
1399 1451 1510 1494 tunc

99 1539 192 1588 pax
219 1524 320 1587 ejus
343 1524 498 1573 fieret.

163 1603 232 1649 Eo
253 1599 487 1665 siquidem
511 1605 743 1665 tempore,
767 1602 891 1666 Papa
910 1600 1143 1651 ¹lohannes
1166 1599 1278 1648 fecit
1301 1614 1511 1664 pronun-

97 1675 208 1724 ciari
234 1675 404 1725 festum
425 1676 711 1725 Sacramenti
729 1676 916 1733 Altaris,
940 1675 1068 1741 quod
1093 1674 1225 1740 prius
1246 1673 1508 1723 institutum

97 1757 216 1810 erat,
245 1767 389 1800 unum
413 1751 473 1800 de
496 1752 890 1818 solempnioribus
914 1752 1044 1801 festis
1067 1751 1220 1800 tocius
1243 1749 1399 1799 anni¹.

160 1829 327 1878 Comes
343 1828 498 1893 itaque
511 1829 741 1887 Flandrie,
757 1829 838 1894 qui
857 1828 1140 1893 promiserat
1160 1828 1229 1876 ire
1244 1826 1304 1876 ad
1326 1842 1505 1892 regem,

96 1910 148 1954 ut
157 1904 422 1970 predictum
434 1911 523 1963 est,
540 1922 648 1955 cum
667 1922 836 1972 magna
851 1905 1072 1955 societate
1086 1905 1283 1954 militum
1297 1910 1345 1953 et
1357 1903 1507 1953 homi-

96 1997 208 2030 num
240 1981 299 2030 de
331 1981 469 2031 bonis
500 1982 618 2031 villis
648 1982 879 2039 Flandrie,
907 1981 1022 2030 abiit
1056 1981 1276 2038 Parisios,
1303 1979 1382 2029 ubi
1407 1979 1506 2028 dic-

95 2063 195 2106 tum
215 2063 288 2107 est
307 2058 350 2107 ei
374 2058 502 2123 quod
526 2075 611 2107 rex
635 2058 868 2108 veniebat.
891 2059 1056 2125 Igitur,
1078 2057 1195 2107 dum
1218 2063 1438 2122 pergeret
1461 2056 1504 2104 ei

95 2132 283 2183 obviam
318 2140 366 2184 et
399 2141 524 2185 esset
561 2136 606 2184 in
637 2141 892 2201 prospectu
926 2134 1075 2200 regis,
1119 2150 1237 2183 eum·
1269 2134 1505 2182 humiliter

95 2211 326 2268 salutans,
367 2228 454 2262 rex
497 2211 598 2278 ejus
638 2211 795 2260 verbis
838 2227 932 2259 non
973 2210 1291 2276 respondens,
1334 2209 1504 2260 avertit

95 2286 260 2336 faciem
291 2304 425 2338 suam
453 2288 514 2338 ab
543 2305 625 2346 eo;
652 2288 700 2336 in
721 2288 977 2336 crastinum
1001 2293 1177 2344 autem,
1205 2303 1366 2336 comes
1389 2286 1502 2335 abiit

94 2363 154 2412 ad
182 2364 359 2414 curiam
389 2365 515 2432 regis
543 2372 592 2415 et
620 2372 731 2415 tunc
757 2382 847 2430 pax
874 2364 974 2430 ejus
998 2365 1274 2414 confirmata
1297 2365 1415 2412 est’.
1444 2366 1502 2412 Et

143 2520 175 2556 1.
197 2519 250 2556 M.
271 2519 318 2558 de
338 2520 488 2570 Wailly
511 2532 535 2559 a
552 2520 717 2568 discute,
737 2520 835 2558 dans
861 2532 938 2558 une
958 2526 1048 2559 note
1073 2522 1125 2559 du
1151 2523 1292 2560 Rocueit
1311 2523 1371 2558 des
1391 2522 1500 2558 histo-

94 2579 196 2614 riom
220 2579 281 2615 des
310 2579 441 2618 Gaulos
464 2583 498 2616 oe
521 2581 564 2616 do
589 2582 628 2617 la
656 2581 795 2616 hunos
822 2584 864 2623 (t.
896 2579 1035 2626 XXII,
1062 2590 1099 2627 p.
1127 2580 1212 2628 412,
1240 2584 1332 2616 note
1359 2579 1413 2623 2),
1443 2578 1499 2616 les

93 2636 223 2674 motifs
242 2648 316 2686 que
336 2637 413 2676 l’on
437 2638 542 2676 avait
568 2637 795 2676 d’attribuer
824 2637 1073 2675 l'institution
1098 2638 1183 2686 plus
1209 2637 1423 2676 solennelle
1451 2635 1498 2674 de

93 2700 194 2733 cette
214 2695 291 2734 rste
310 2696 334 2734 a
350 2697 452 2735 Jean
471 2696 610 2735 XXII.
901 2736 905 2742 ,

139 2754 174 2791 ⁴2.
198 2755 219 2791 5
239 2755 316 2793 mai
338 2756 442 2794 1320.
459 2755 512 2794 Le
526 2755 803 2794 continuateur
815 2754 861 2792 dc
876 2754 1099 2794 Guillaume
1112 2754 1159 2793 de
1173 2754 1323 2804 Nangis
1342 2759 1496 2792 monti-e
