<?xml version="1.0" encoding="UTF-8"?>
<!DOCTYPE html PUBLIC "-//W3C//DTD XHTML 1.0 Transitional//EN"
    "http://www.w3.org/TR/xhtml1/DTD/xhtml1-transitional.dtd">
<html xmlns="http://www.w3.org/1999/xhtml" xml:lang="en" lang="en">
 <head>
  <title>
</title>
<meta http-equiv="Content-Type" content="text/html;charset=utf-8" />
  <meta name='ocr-system' content='tesseract 3.04.00' />
  <meta name='ocr-capabilities' content='ocr_page ocr_carea ocr_par ocr_line ocrx_word'/>
</head>
<body>
  <div class='ocr_page' id='page_1' title='image "./chronographiareg01mora_0157.png"; bbox 0 0 1838 3164; ppageno 0'>
   <div class='ocr_carea' id='block_1_1' title="bbox 101 247 1498 298">
    <p class='ocr_par' dir='ltr' id='par_1_1' title="bbox 101 247 1498 298">
     <span class='ocr_line' id='line_1_1' title="bbox 101 247 1498 298; baseline -0.005 -8"><span class='ocrx_word' id='word_1_1' title='bbox 101 252 205 298; x_wconf 74' lang='grc'>1304]</span> <span class='ocrx_word' id='word_1_2' title='bbox 374 254 744 288; x_wconf 68' lang='lat' dir='ltr'><strong>cunouoemuu</strong></span> <span class='ocrx_word' id='word_1_3' title='bbox 770 254 923 288; x_wconf 71' lang='lat' dir='ltr'><strong>mun</strong></span> <span class='ocrx_word' id='word_1_4' title='bbox 947 253 1225 288; x_wconf 66' lang='lat' dir='ltr'><strong>rumonim.</strong></span> <span class='ocrx_word' id='word_1_5' title='bbox 1431 247 1498 283; x_wconf 75' lang='lat'><strong>145</strong></span> 
     </span>
    </p>
   </div>
   <div class='ocr_carea' id='block_1_2' title="bbox 0 330 1508 1861">
    <p class='ocr_par' dir='ltr' id='par_1_2' title="bbox 95 330 1505 921">
     <span class='ocr_line' id='line_1_2' title="bbox 98 330 1497 398; baseline -0.004 -14"><span class='ocrx_word' id='word_1_6' title='bbox 98 333 320 384; x_wconf 86' lang='lat' dir='ltr'><strong>dominus</strong></span> <span class='ocrx_word' id='word_1_7' title='bbox 330 333 391 383; x_wconf 91' lang='lat' dir='ltr'><strong>de</strong></span> <span class='ocrx_word' id='word_1_8' title='bbox 404 334 572 392; x_wconf 85' lang='lat' dir='ltr'><strong>Pene¹;</strong></span> <span class='ocrx_word' id='word_1_9' title='bbox 589 333 651 383; x_wconf 86' lang='lat' dir='ltr'><strong>ad</strong></span> <span class='ocrx_word' id='word_1_10' title='bbox 669 337 856 398; x_wconf 84' lang='lat' dir='ltr'><strong>portam</strong></span> <span class='ocrx_word' id='word_1_11' title='bbox 868 332 933 381; x_wconf 93' lang='lat' dir='ltr'><strong>du</strong></span> <span class='ocrx_word' id='word_1_12' title='bbox 947 333 1101 382; x_wconf 86' lang='lat' dir='ltr'><strong>Bruile</strong></span> <span class='ocrx_word' id='word_1_13' title='bbox 1112 347 1280 382; x_wconf 84' lang='lat' dir='ltr'><strong>versus</strong></span> <span class='ocrx_word' id='word_1_14' title='bbox 1295 330 1497 388; x_wconf 60' lang='lat' dir='ltr'><strong>Arriam</strong></span> 
     </span>
     <span class='ocr_line' id='line_1_3' title="bbox 96 408 1500 478; baseline -0.004 -17"><span class='ocrx_word' id='word_1_15' title='bbox 96 410 288 478; x_wconf 90' lang='lat' dir='ltr'><strong>quidam</strong></span> <span class='ocrx_word' id='word_1_16' title='bbox 318 410 452 460; x_wconf 86' lang='lat' dir='ltr'><strong>miles</strong></span> <span class='ocrx_word' id='word_1_17' title='bbox 481 409 771 467; x_wconf 80' lang='lat' dir='ltr'><strong>Alvernicus,</strong></span> <span class='ocrx_word' id='word_1_18' title='bbox 799 409 988 459; x_wconf 89' lang='lat' dir='ltr'><strong>nomine</strong></span> <span class='ocrx_word' id='word_1_19' title='bbox 1019 409 1211 458; x_wconf 86' lang='lat' dir='ltr'><strong>Pontius</strong></span> <span class='ocrx_word' id='word_1_20' title='bbox 1242 408 1302 458; x_wconf 90' lang='lat' dir='ltr'><strong>de</strong></span> <span class='ocrx_word' id='word_1_21' title='bbox 1324 410 1500 473; x_wconf 82' lang='lat' dir='ltr'><strong>Bysac;</strong></span> 
     </span>
     <span class='ocr_line' id='line_1_4' title="bbox 96 485 1503 553; baseline -0.005 -15"><span class='ocrx_word' id='word_1_22' title='bbox 96 487 156 538; x_wconf 89' lang='lat' dir='ltr'><strong>ad</strong></span> <span class='ocrx_word' id='word_1_23' title='bbox 189 494 377 553; x_wconf 86' lang='lat' dir='ltr'><strong>portam</strong></span> <span class='ocrx_word' id='word_1_24' title='bbox 409 503 524 537; x_wconf 88' lang='lat' dir='ltr'><strong>vero</strong></span> <span class='ocrx_word' id='word_1_25' title='bbox 554 487 764 551; x_wconf 80' lang='lat' dir='ltr'><strong>Aqueam</strong></span> <span class='ocrx_word' id='word_1_26' title='bbox 799 501 967 536; x_wconf 82' lang='lat' dir='ltr'><strong>versus</strong></span> <span class='ocrx_word' id='word_1_27' title='bbox 1000 485 1369 551; x_wconf 74' lang='lat' dir='ltr'><strong>GraveringhaS,</strong></span> <span class='ocrx_word' id='word_1_28' title='bbox 1409 498 1503 549; x_wconf 88' lang='lat' dir='ltr'><strong>que</strong></span> 
     </span>
     <span class='ocr_line' id='line_1_5' title="bbox 97 559 1503 630; baseline -0.002 -18"><span class='ocrx_word' id='word_1_29' title='bbox 97 570 294 614; x_wconf 83' lang='lat' dir='ltr'><strong>vocatur</strong></span> <span class='ocrx_word' id='word_1_30' title='bbox 328 570 466 630; x_wconf 87' lang='lat' dir='ltr'><strong>porta</strong></span> <span class='ocrx_word' id='word_1_31' title='bbox 483 565 503 595; x_wconf 81' lang='lat'>²</span> <span class='ocrx_word' id='word_1_32' title='bbox 534 562 627 613; x_wconf 80' lang='lat' dir='ltr'><strong>Alti</strong></span> <span class='ocrx_word' id='word_1_33' title='bbox 661 561 821 612; x_wconf 88' lang='lat' dir='ltr'><strong>Pontis</strong></span> <span class='ocrx_word' id='word_1_34' title='bbox 840 563 878 621; x_wconf 80' lang='lat'><strong>⁸,</strong></span> <span class='ocrx_word' id='word_1_35' title='bbox 917 561 1138 612; x_wconf 89' lang='lat' dir='ltr'><strong>dominus</strong></span> <span class='ocrx_word' id='word_1_36' title='bbox 1172 561 1407 610; x_wconf 86' lang='lat' dir='ltr'><strong>Johannes</strong></span> <span class='ocrx_word' id='word_1_37' title='bbox 1442 559 1503 609; x_wconf 91' lang='lat' dir='ltr'><strong>de</strong></span> 
     </span>
     <span class='ocr_line' id='line_1_6' title="bbox 96 636 1504 706; baseline -0.004 -16"><span class='ocrx_word' id='word_1_38' title='bbox 96 641 445 706; x_wconf 81' lang='lat' dir='ltr'><strong>Havesquerka.</strong></span> <span class='ocrx_word' id='word_1_39' title='bbox 465 639 685 691; x_wconf 77' lang='lat' dir='ltr'>Similiter</span> <span class='ocrx_word' id='word_1_40' title='bbox 701 638 814 689; x_wconf 90' lang='lat' dir='ltr'><strong>etin</strong></span> <span class='ocrx_word' id='word_1_41' title='bbox 832 638 1027 705; x_wconf 86' lang='lat' dir='ltr'><strong>singulis</strong></span> <span class='ocrx_word' id='word_1_42' title='bbox 1050 637 1261 687; x_wconf 86' lang='lat' dir='ltr'><strong>turribus</strong></span> <span class='ocrx_word' id='word_1_43' title='bbox 1285 636 1504 686; x_wconf 88' lang='lat' dir='ltr'><strong>destinati</strong></span> 
     </span>
     <span class='ocr_line' id='line_1_7' title="bbox 95 713 1505 772; baseline -0.004 -4"><span class='ocrx_word' id='word_1_44' title='bbox 95 723 230 768; x_wconf 86' lang='lat' dir='ltr'><strong>erant</strong></span> <span class='ocrx_word' id='word_1_45' title='bbox 253 717 370 768; x_wconf 89' lang='lat' dir='ltr'><strong>certi</strong></span> <span class='ocrx_word' id='word_1_46' title='bbox 392 716 637 772; x_wconf 84' lang='lat' dir='ltr'><strong>custodes;</strong></span> <span class='ocrx_word' id='word_1_47' title='bbox 658 721 706 764; x_wconf 91' lang='lat' dir='ltr'><strong>et</strong></span> <span class='ocrx_word' id='word_1_48' title='bbox 729 715 908 765; x_wconf 90' lang='lat' dir='ltr'><strong>domini</strong></span> <span class='ocrx_word' id='word_1_49' title='bbox 933 715 994 765; x_wconf 92' lang='lat' dir='ltr'><strong>de</strong></span> <span class='ocrx_word' id='word_1_50' title='bbox 1013 714 1210 765; x_wconf 82' lang='lat' dir='ltr'><strong>Fiennes</strong></span> <span class='ocrx_word' id='word_1_51' title='bbox 1233 720 1281 763; x_wconf 93' lang='lat' dir='ltr'><strong>et</strong></span> <span class='ocrx_word' id='word_1_52' title='bbox 1305 713 1366 762; x_wconf 94' lang='lat' dir='ltr'><strong>de</strong></span> <span class='ocrx_word' id='word_1_53' title='bbox 1386 717 1505 763; x_wconf 71' lang='lat' dir='ltr'><strong>Har-</strong></span> 
     </span>
     <span class='ocr_line' id='line_1_8' title="bbox 95 789 1504 858; baseline -0.004 -15"><span class='ocrx_word' id='word_1_54' title='bbox 95 793 196 843; x_wconf 91' lang='lat' dir='ltr'><strong>cuel</strong></span> <span class='ocrx_word' id='word_1_55' title='bbox 221 810 276 843; x_wconf 90' lang='lat' dir='ltr'><strong>ac</strong></span> <span class='ocrx_word' id='word_1_56' title='bbox 298 792 440 858; x_wconf 85' lang='lat' dir='ltr'>aliqui</span> <span class='ocrx_word' id='word_1_57' title='bbox 463 792 724 858; x_wconf 75' lang='lat' dir='ltr'><strong>burgenses</strong></span> <span class='ocrx_word' id='word_1_58' title='bbox 747 791 809 840; x_wconf 92' lang='lat' dir='ltr'><strong>de</strong></span> <span class='ocrx_word' id='word_1_59' title='bbox 834 790 1092 858; x_wconf 86' lang='lat' dir='ltr'><strong>majoribus</strong></span> <span class='ocrx_word' id='word_1_60' title='bbox 1114 790 1223 839; x_wconf 88' lang='lat' dir='ltr'><strong>ville</strong></span> <span class='ocrx_word' id='word_1_61' title='bbox 1245 789 1504 839; x_wconf 85' lang='lat' dir='ltr'><strong>circuibant</strong></span> 
     </span>
     <span class='ocr_line' id='line_1_9' title="bbox 96 868 911 921; baseline -0.002 -1"><span class='ocrx_word' id='word_1_62' title='bbox 96 887 258 921; x_wconf 88' lang='lat' dir='ltr'><strong>muros</strong></span> <span class='ocrx_word' id='word_1_63' title='bbox 281 870 342 920; x_wconf 89' lang='lat' dir='ltr'><strong>ad</strong></span> <span class='ocrx_word' id='word_1_64' title='bbox 364 868 651 919; x_wconf 87' lang='lat' dir='ltr'><strong>visitandum</strong></span> <span class='ocrx_word' id='word_1_65' title='bbox 673 868 911 919; x_wconf 76' lang='lat' dir='ltr'><strong>custodes.</strong></span> 
     </span>
    </p>

    <p class='ocr_par' dir='ltr' id='par_1_3' title="bbox 0 943 1507 1537">
     <span class='ocr_line' id='line_1_10' title="bbox 159 943 1503 1012; baseline -0.004 -14"><span class='ocrx_word' id='word_1_66' title='bbox 159 947 339 998; x_wconf 76' lang='lat' dir='ltr'><strong>Accidit</strong></span> <span class='ocrx_word' id='word_1_67' title='bbox 361 953 518 997; x_wconf 90' lang='lat' dir='ltr'><strong>autem</strong></span> <span class='ocrx_word' id='word_1_68' title='bbox 549 946 753 1012; x_wconf 90' lang='lat' dir='ltr'><strong>quadam</strong></span> <span class='ocrx_word' id='word_1_69' title='bbox 785 946 862 996; x_wconf 91' lang='lat' dir='ltr'><strong>die</strong></span> <span class='ocrx_word' id='word_1_70' title='bbox 886 944 1016 1012; x_wconf 89' lang='lat' dir='ltr'><strong>quod</strong></span> <span class='ocrx_word' id='word_1_71' title='bbox 1042 944 1288 1011; x_wconf 80' lang='lat' dir='ltr'><strong>Flamingi,</strong></span> <span class='ocrx_word' id='word_1_72' title='bbox 1312 943 1503 993; x_wconf 75' lang='lat' dir='ltr'><strong>aciebus</strong></span> 
     </span>
     <span class='ocr_line' id='line_1_11' title="bbox 94 1021 1504 1091; baseline -0.005 -15"><span class='ocrx_word' id='word_1_73' title='bbox 94 1024 352 1091; x_wconf 75' lang='lat' dir='ltr'><strong>dispositis,</strong></span> <span class='ocrx_word' id='word_1_74' title='bbox 376 1031 606 1076; x_wconf 88' lang='lat' dir='ltr'><strong>venerunt</strong></span> <span class='ocrx_word' id='word_1_75' title='bbox 622 1030 731 1075; x_wconf 89' lang='lat' dir='ltr'><strong>ante</strong></span> <span class='ocrx_word' id='word_1_76' title='bbox 750 1024 926 1074; x_wconf 87' lang='lat' dir='ltr'><strong>villam.</strong></span> <span class='ocrx_word' id='word_1_77' title='bbox 945 1023 1138 1073; x_wconf 80' lang='lat' dir='ltr'><strong>Interim</strong></span> <span class='ocrx_word' id='word_1_78' title='bbox 1155 1038 1272 1072; x_wconf 89' lang='lat' dir='ltr'><strong>vero</strong></span> <span class='ocrx_word' id='word_1_79' title='bbox 1288 1021 1504 1071; x_wconf 85' lang='lat' dir='ltr'><strong>exierunt</strong></span> 
     </span>
     <span class='ocr_line' id='line_1_12' title="bbox 0 1096 1506 1173; baseline -0.005 -22"><span class='ocrx_word' id='word_1_80' title='bbox 0 1129 4 1173; x_wconf 76' lang='lat'>;</span> <span class='ocrx_word' id='word_1_81' title='bbox 93 1100 284 1167; x_wconf 89' lang='lat' dir='ltr'><strong>quidam</strong></span> <span class='ocrx_word' id='word_1_82' title='bbox 318 1099 378 1150; x_wconf 92' lang='lat' dir='ltr'><strong>de</strong></span> <span class='ocrx_word' id='word_1_83' title='bbox 412 1099 521 1150; x_wconf 84' lang='lat' dir='ltr'><strong>villa</strong></span> <span class='ocrx_word' id='word_1_84' title='bbox 555 1106 604 1151; x_wconf 91' lang='lat' dir='ltr'><strong>et</strong></span> <span class='ocrx_word' id='word_1_85' title='bbox 637 1099 980 1150; x_wconf 88' lang='lat' dir='ltr'><strong>succenderunt</strong></span> <span class='ocrx_word' id='word_1_86' title='bbox 1015 1098 1242 1148; x_wconf 86' lang='lat' dir='ltr'><strong>suburbia</strong></span> <span class='ocrx_word' id='word_1_87' title='bbox 1276 1096 1382 1146; x_wconf 81' lang='lat' dir='ltr'><strong>ville</strong></span> <span class='ocrx_word' id='word_1_88' title='bbox 1396 1135 1409 1155; x_wconf 94' lang='lat'><strong>,</strong></span> <span class='ocrx_word' id='word_1_89' title='bbox 1447 1112 1506 1145; x_wconf 91' lang='lat' dir='ltr'><strong>ne</strong></span> 
     </span>
     <span class='ocr_line' id='line_1_13' title="bbox 0 1168 1505 1244; baseline -0.003 -17"><span class='ocrx_word' id='word_1_90' title='bbox 0 1213 10 1243; x_wconf 29' lang='grc' dir='ltr'><strong>ψ,</strong></span> <span class='ocrx_word' id='word_1_91' title='bbox 95 1177 216 1227; x_wconf 77' lang='lat' dir='ltr'><strong>forte</strong></span> <span class='ocrx_word' id='word_1_92' title='bbox 252 1177 478 1244; x_wconf 82' lang='lat' dir='ltr'><strong>Flamingi</strong></span> <span class='ocrx_word' id='word_1_93' title='bbox 518 1177 785 1227; x_wconf 80' lang='lat' dir='ltr'><strong>locarentur</strong></span> <span class='ocrx_word' id='word_1_94' title='bbox 823 1175 1000 1227; x_wconf 83' lang='lat' dir='ltr'><strong>ibidem</strong></span> <span class='ocrx_word' id='word_1_95' title='bbox 1014 1177 1052 1225; x_wconf 81' lang='lat'><strong>⁴.</strong></span> <span class='ocrx_word' id='word_1_96' title='bbox 1092 1179 1242 1226; x_wconf 87' lang='lat' dir='ltr'><strong>Porro</strong></span> <span class='ocrx_word' id='word_1_97' title='bbox 1278 1168 1505 1239; x_wconf 81' lang='lat' dir='ltr'><strong>Flamingi</strong></span> 
     </span>
     <span class='ocr_line' id='line_1_14' title="bbox 0 1254 1507 1332; baseline -0.003 -27"><span class='ocrx_word' id='word_1_98' title='bbox 0 1280 9 1332; x_wconf 46' lang='grc' dir='ltr'><strong>ἓ·</strong></span> <span class='ocrx_word' id='word_1_99' title='bbox 95 1260 446 1305; x_wconf 76' lang='lat' dir='ltr'><strong>arrestaverunt</strong></span> <span class='ocrx_word' id='word_1_100' title='bbox 478 1271 529 1304; x_wconf 89' lang='lat' dir='ltr'><strong>se</strong></span> <span class='ocrx_word' id='word_1_101' title='bbox 563 1260 670 1304; x_wconf 92' lang='lat' dir='ltr'><strong>ante</strong></span> <span class='ocrx_word' id='word_1_102' title='bbox 702 1254 859 1303; x_wconf 84' lang='lat' dir='ltr'><strong>villam</strong></span> <span class='ocrx_word' id='word_1_103' title='bbox 897 1258 1319 1317; x_wconf 76' lang='lat' dir='ltr'><strong>remanseruntque</strong></span> <span class='ocrx_word' id='word_1_104' title='bbox 1353 1266 1507 1316; x_wconf 88' lang='lat' dir='ltr'><strong>usque</strong></span> 
     </span>
     <span class='ocr_line' id='line_1_15' title="bbox 95 1327 1507 1417; baseline -0.004 -35"><span class='ocrx_word' id='word_1_105' title='bbox 95 1331 155 1382; x_wconf 78' lang='lat' dir='ltr'><strong>ed</strong></span> <span class='ocrx_word' id='word_1_106' title='bbox 186 1348 462 1398; x_wconf 86' lang='lat' dir='ltr'><strong>vesperum,</strong></span> <span class='ocrx_word' id='word_1_107' title='bbox 497 1332 677 1397; x_wconf 87' lang='lat' dir='ltr'><strong>absque</strong></span> <span class='ocrx_word' id='word_1_108' title='bbox 706 1332 798 1381; x_wconf 92' lang='lat' dir='ltr'><strong>hoc</strong></span> <span class='ocrx_word' id='word_1_109' title='bbox 826 1329 955 1396; x_wconf 91' lang='lat' dir='ltr'><strong>quod</strong></span> <span class='ocrx_word' id='word_1_110' title='bbox 988 1331 1319 1417; x_wconf 77' lang='lat' dir='ltr'><strong>impugnarent</strong></span> <span class='ocrx_word' id='word_1_111' title='bbox 1347 1327 1507 1377; x_wconf 83' lang='lat' dir='ltr'><strong>villam</strong></span> 
     </span>
     <span class='ocr_line' id='line_1_16' title="bbox 94 1405 1506 1503; baseline -0.005 -44"><span class='ocrx_word' id='word_1_112' title='bbox 94 1408 355 1475; x_wconf 85' lang='lat' dir='ltr'><strong>aliqualiter</strong></span> <span class='ocrx_word' id='word_1_113' title='bbox 371 1414 419 1459; x_wconf 88' lang='lat' dir='ltr'><strong>et</strong></span> <span class='ocrx_word' id='word_1_114' title='bbox 437 1409 504 1459; x_wconf 89' lang='lat' dir='ltr'><strong>sic</strong></span> <span class='ocrx_word' id='word_1_115' title='bbox 523 1425 632 1459; x_wconf 85' lang='lat' dir='ltr'><strong>sero</strong></span> <span class='ocrx_word' id='word_1_116' title='bbox 656 1407 833 1458; x_wconf 85' lang='lat' dir='ltr'><strong>reversi</strong></span> <span class='ocrx_word' id='word_1_117' title='bbox 856 1412 999 1503; x_wconf 81' lang='lat' dir='ltr'><strong>sunt:</strong></span> <span class='ocrx_word' id='word_1_118' title='bbox 1023 1408 1091 1456; x_wconf 90' lang='lat' dir='ltr'><strong>sic</strong></span> <span class='ocrx_word' id='word_1_119' title='bbox 1113 1412 1272 1456; x_wconf 84' lang='lat' dir='ltr'><strong>autem</strong></span> <span class='ocrx_word' id='word_1_120' title='bbox 1297 1405 1506 1455; x_wconf 78' lang='lat' dir='ltr'><strong>fecerunt</strong></span> 
     </span>
     <span class='ocr_line' id='line_1_17' title="bbox 95 1485 491 1537; baseline -0.003 0"><span class='ocrx_word' id='word_1_121' title='bbox 95 1485 283 1537; x_wconf 91' lang='lat' dir='ltr'><strong>duobus</strong></span> <span class='ocrx_word' id='word_1_122' title='bbox 306 1486 491 1537; x_wconf 87' lang='lat' dir='ltr'><strong>diebus.</strong></span> 
     </span>
    </p>

    <p class='ocr_par' dir='ltr' id='par_1_4' title="bbox 95 1560 1508 1861">
     <span class='ocr_line' id='line_1_18' title="bbox 160 1560 1508 1625; baseline -0.005 -11"><span class='ocrx_word' id='word_1_123' title='bbox 160 1565 277 1614; x_wconf 88' lang='lat' dir='ltr'><strong>Cum</strong></span> <span class='ocrx_word' id='word_1_124' title='bbox 308 1580 424 1613; x_wconf 87' lang='lat' dir='ltr'><strong>vero</strong></span> <span class='ocrx_word' id='word_1_125' title='bbox 457 1580 630 1614; x_wconf 89' lang='lat' dir='ltr'><strong>novem</strong></span> <span class='ocrx_word' id='word_1_126' title='bbox 667 1563 835 1614; x_wconf 91' lang='lat' dir='ltr'><strong>diebus</strong></span> <span class='ocrx_word' id='word_1_127' title='bbox 867 1561 1190 1619; x_wconf 82' lang='lat' dir='ltr'><strong>obsedissent,</strong></span> <span class='ocrx_word' id='word_1_128' title='bbox 1225 1560 1508 1625; x_wconf 76' lang='lat' dir='ltr'><strong>intempeste</strong></span> 
     </span>
     <span class='ocr_line' id='line_1_19' title="bbox 96 1635 1507 1705; baseline -0.005 -14"><span class='ocrx_word' id='word_1_129' title='bbox 96 1641 245 1691; x_wconf 90' lang='lat' dir='ltr'><strong>noctis</strong></span> <span class='ocrx_word' id='word_1_130' title='bbox 290 1641 480 1691; x_wconf 87' lang='lat' dir='ltr'><strong>silencio</strong></span> <span class='ocrx_word' id='word_1_131' title='bbox 524 1641 792 1691; x_wconf 84' lang='lat' dir='ltr'><strong>immediate</strong></span> <span class='ocrx_word' id='word_1_132' title='bbox 833 1639 1073 1705; x_wconf 89' lang='lat' dir='ltr'><strong>sequentis</strong></span> <span class='ocrx_word' id='word_1_133' title='bbox 1087 1677 1099 1696; x_wconf 93' lang='lat'><strong>,</strong></span> <span class='ocrx_word' id='word_1_134' title='bbox 1140 1637 1363 1687; x_wconf 76' lang='lat' dir='ltr'><strong>mstodes</strong></span> <span class='ocrx_word' id='word_1_135' title='bbox 1399 1635 1507 1685; x_wconf 83' lang='lat' dir='ltr'><strong>ville</strong></span> 
     </span>
     <span class='ocr_line' id='line_1_20' title="bbox 95 1713 1507 1785; baseline -0.004 -17"><span class='ocrx_word' id='word_1_136' title='bbox 95 1717 343 1768; x_wconf 82' lang='lat' dir='ltr'><strong>audierunt</strong></span> <span class='ocrx_word' id='word_1_137' title='bbox 390 1734 614 1785; x_wconf 78' lang='lat' dir='ltr'><strong>magnum</strong></span> <span class='ocrx_word' id='word_1_138' title='bbox 661 1717 914 1767; x_wconf 86' lang='lat' dir='ltr'><strong>tumultum</strong></span> <span class='ocrx_word' id='word_1_139' title='bbox 962 1716 1010 1765; x_wconf 90' lang='lat' dir='ltr'><strong>in</strong></span> <span class='ocrx_word' id='word_1_140' title='bbox 1055 1714 1224 1765; x_wconf 90' lang='lat' dir='ltr'><strong>castris</strong></span> <span class='ocrx_word' id='word_1_141' title='bbox 1270 1713 1507 1764; x_wconf 85' lang='lat' dir='ltr'><strong>exercitus</strong></span> 
     </span>
     <span class='ocr_line' id='line_1_21' title="bbox 95 1791 1503 1861; baseline -0.004 -17"><span class='ocrx_word' id='word_1_142' title='bbox 95 1796 304 1845; x_wconf 79' lang='lat' dir='ltr'><strong>eorum⁶.</strong></span> <span class='ocrx_word' id='word_1_143' title='bbox 323 1794 553 1846; x_wconf 85' lang='lat' dir='ltr'><strong>Custodes</strong></span> <span class='ocrx_word' id='word_1_144' title='bbox 571 1811 688 1861; x_wconf 84' lang='lat' dir='ltr'><strong>ergo</strong></span> <span class='ocrx_word' id='word_1_145' title='bbox 701 1800 866 1844; x_wconf 90' lang='lat' dir='ltr'><strong>notum</strong></span> <span class='ocrx_word' id='word_1_146' title='bbox 884 1794 974 1843; x_wconf 90' lang='lat' dir='ltr'><strong>hoc</strong></span> <span class='ocrx_word' id='word_1_147' title='bbox 988 1793 1199 1843; x_wconf 81' lang='lat' dir='ltr'><strong>fecerunt</strong></span> <span class='ocrx_word' id='word_1_148' title='bbox 1216 1791 1471 1858; x_wconf 81' lang='lat' dir='ltr'><strong>capitaneis</strong></span> <span class='ocrx_word' id='word_1_149' title='bbox 1493 1808 1503 1838; x_wconf 92' lang='lat'>:</span> 
     </span>
    </p>
   </div>
   <div class='ocr_carea' id='block_1_3' title="bbox 97 1965 1511 2135">
    <p class='ocr_par' dir='ltr' id='par_1_5' title="bbox 97 1965 1511 2135">
     <span class='ocr_line' id='line_1_22' title="bbox 143 1965 1511 2013; baseline -0.004 -6"><span class='ocrx_word' id='word_1_150' title='bbox 143 1968 178 2007; x_wconf 73' lang='lat'><strong>¹.</strong></span> <span class='ocrx_word' id='word_1_151' title='bbox 200 1967 299 2007; x_wconf 80' lang='lat' dir='ltr'><strong>L&#39;un</strong></span> <span class='ocrx_word' id='word_1_152' title='bbox 328 1967 396 2006; x_wconf 85' lang='lat' dir='ltr'><strong>des</strong></span> <span class='ocrx_word' id='word_1_153' title='bbox 428 1968 664 2006; x_wconf 77' lang='lat' dir='ltr'><strong>manuscrits</strong></span> <span class='ocrx_word' id='word_1_154' title='bbox 696 1967 763 2005; x_wconf 90' lang='lat' dir='ltr'><strong>des</strong></span> <span class='ocrx_word' id='word_1_155' title='bbox 795 1969 999 2005; x_wconf 72' lang='lat' dir='ltr'><strong>Ancionnos</strong></span> <span class='ocrx_word' id='word_1_156' title='bbox 1030 1967 1249 2013; x_wconf 69' lang='lat' dir='ltr'><strong>chroniques</strong></span> <span class='ocrx_word' id='word_1_157' title='bbox 1279 1966 1322 2002; x_wconf 79' lang='lat' dir='ltr'><strong>de</strong></span> <span class='ocrx_word' id='word_1_158' title='bbox 1349 1965 1511 2002; x_wconf 70' lang='lat' dir='ltr'><strong>Flamin</strong></span> 
     </span>
     <span class='ocr_line' id='line_1_23' title="bbox 98 2021 1509 2075; baseline -0.005 -10"><span class='ocrx_word' id='word_1_159' title='bbox 98 2027 248 2073; x_wconf 70' lang='lat' dir='ltr'><strong>(Hister.</strong></span> <span class='ocrx_word' id='word_1_160' title='bbox 269 2027 312 2065; x_wconf 76' lang='lat' dir='ltr'><strong>de</strong></span> <span class='ocrx_word' id='word_1_161' title='bbox 332 2027 406 2071; x_wconf 74' lang='lat' dir='ltr'><strong>Fr..</strong></span> <span class='ocrx_word' id='word_1_162' title='bbox 428 2030 457 2065; x_wconf 87' lang='lat' dir='ltr'><strong>t.</strong></span> <span class='ocrx_word' id='word_1_163' title='bbox 479 2025 617 2074; x_wconf 82' lang='lat' dir='ltr'><strong>xxn,</strong></span> <span class='ocrx_word' id='word_1_164' title='bbox 639 2037 674 2075; x_wconf 91' lang='lat' dir='ltr'><strong>p.</strong></span> <span class='ocrx_word' id='word_1_165' title='bbox 698 2025 781 2072; x_wconf 83' lang='lat'><strong>393,</strong></span> <span class='ocrx_word' id='word_1_166' title='bbox 802 2037 842 2063; x_wconf 89' lang='lat' dir='ltr'><strong>n.</strong></span> <span class='ocrx_word' id='word_1_167' title='bbox 865 2026 898 2071; x_wconf 87' lang='lat'><strong>7)</strong></span> <span class='ocrx_word' id='word_1_168' title='bbox 920 2024 1051 2062; x_wconf 89' lang='lat' dir='ltr'><strong>donne</strong></span> <span class='ocrx_word' id='word_1_169' title='bbox 1073 2024 1107 2062; x_wconf 89' lang='lat' dir='ltr'><strong>le</strong></span> <span class='ocrx_word' id='word_1_170' title='bbox 1126 2024 1254 2060; x_wconf 79' lang='lat' dir='ltr'><strong>meme</strong></span> <span class='ocrx_word' id='word_1_171' title='bbox 1275 2033 1386 2065; x_wconf 84' lang='lat' dir='ltr'><strong>nom;</strong></span> <span class='ocrx_word' id='word_1_172' title='bbox 1410 2021 1509 2059; x_wconf 83' lang='lat' dir='ltr'><strong>mais</strong></span> 
     </span>
     <span class='ocr_line' id='line_1_24' title="bbox 97 2079 1510 2135; baseline -0.006 -11"><span class='ocrx_word' id='word_1_173' title='bbox 97 2085 198 2124; x_wconf 86' lang='lat' dir='ltr'><strong>celui</strong></span> <span class='ocrx_word' id='word_1_174' title='bbox 217 2095 291 2135; x_wconf 90' lang='lat' dir='ltr'><strong>que</strong></span> <span class='ocrx_word' id='word_1_175' title='bbox 311 2085 363 2124; x_wconf 75' lang='grc' dir='ltr'><strong>Μ.</strong></span> <span class='ocrx_word' id='word_1_176' title='bbox 378 2085 425 2123; x_wconf 88' lang='lat' dir='ltr'><strong>de</strong></span> <span class='ocrx_word' id='word_1_177' title='bbox 445 2085 596 2134; x_wconf 81' lang='lat' dir='ltr'><strong>Wailly</strong></span> <span class='ocrx_word' id='word_1_178' title='bbox 617 2096 639 2122; x_wconf 85' lang='lat' dir='ltr'><strong>a</strong></span> <span class='ocrx_word' id='word_1_179' title='bbox 659 2085 759 2122; x_wconf 85' lang='lat' dir='ltr'><strong>suivi</strong></span> <span class='ocrx_word' id='word_1_180' title='bbox 780 2084 827 2122; x_wconf 90' lang='lat' dir='ltr'><strong>de</strong></span> <span class='ocrx_word' id='word_1_181' title='bbox 848 2084 1074 2132; x_wconf 73' lang='lat' dir='ltr'><strong>preference</strong></span> <span class='ocrx_word' id='word_1_182' title='bbox 1094 2083 1274 2131; x_wconf 72' lang='lat' dir='ltr'><strong>presente</strong></span> <span class='ocrx_word' id='word_1_183' title='bbox 1295 2081 1330 2118; x_wconf 89' lang='lat' dir='ltr'><strong>le</strong></span> <span class='ocrx_word' id='word_1_184' title='bbox 1350 2091 1441 2118; x_wconf 89' lang='lat' dir='ltr'><strong>nom</strong></span> <span class='ocrx_word' id='word_1_185' title='bbox 1464 2079 1510 2116; x_wconf 88' lang='lat' dir='ltr'><strong>de</strong></span> 
     </span>
    </p>
   </div>
   <div class='ocr_carea' id='block_1_4' title="bbox 11 2144 1509 2194">
    <p class='ocr_par' dir='ltr' id='par_1_6' title="bbox 11 2144 1509 2194">
     <span class='ocr_line' id='line_1_25' title="bbox 11 2144 1509 2194; baseline -0.005 -10"><span class='ocrx_word' id='word_1_186' title='bbox 11 2167 13 2171; x_wconf 57' lang='lat'>&lt;</span> <span class='ocrx_word' id='word_1_187' title='bbox 96 2144 280 2183; x_wconf 81' lang='lat' dir='ltr'><strong>Fiennes.</strong></span> <span class='ocrx_word' id='word_1_188' title='bbox 300 2144 334 2183; x_wconf 87' lang='lat'><strong>11</strong></span> <span class='ocrx_word' id='word_1_189' title='bbox 359 2150 418 2183; x_wconf 87' lang='lat' dir='ltr'><strong>est</strong></span> <span class='ocrx_word' id='word_1_190' title='bbox 442 2144 625 2194; x_wconf 73' lang='lat' dir='ltr'><strong>probable</strong></span> <span class='ocrx_word' id='word_1_191' title='bbox 652 2155 727 2192; x_wconf 90' lang='lat' dir='ltr'><strong>que</strong></span> <span class='ocrx_word' id='word_1_192' title='bbox 753 2154 797 2182; x_wconf 85' lang='lat' dir='ltr'><strong>ce</strong></span> <span class='ocrx_word' id='word_1_193' title='bbox 824 2144 924 2181; x_wconf 84' lang='lat' dir='ltr'><strong>n’est</strong></span> <span class='ocrx_word' id='word_1_194' title='bbox 952 2154 1022 2192; x_wconf 81' lang='lat' dir='ltr'><strong>pas</strong></span> <span class='ocrx_word' id='word_1_195' title='bbox 1048 2147 1176 2187; x_wconf 83' lang='lat' dir='ltr'><strong>exact,</strong></span> <span class='ocrx_word' id='word_1_196' title='bbox 1203 2152 1270 2179; x_wconf 88' lang='lat' dir='ltr'><strong>car</strong></span> <span class='ocrx_word' id='word_1_197' title='bbox 1294 2151 1347 2178; x_wconf 92' lang='lat' dir='ltr'><strong>on</strong></span> <span class='ocrx_word' id='word_1_198' title='bbox 1372 2145 1509 2177; x_wconf 83' lang='lat' dir='ltr'><strong>trouve</strong></span> 
     </span>
    </p>
   </div>
   <div class='ocr_carea' id='block_1_5' title="bbox 95 2202 1511 2545">
    <p class='ocr_par' dir='ltr' id='par_1_7' title="bbox 95 2202 1354 2254">
     <span class='ocr_line' id='line_1_26' title="bbox 95 2202 1354 2254; baseline -0.005 -12"><span class='ocrx_word' id='word_1_199' title='bbox 95 2204 184 2253; x_wconf 82' lang='lat' dir='ltr'><strong>plus</strong></span> <span class='ocrx_word' id='word_1_200' title='bbox 202 2203 272 2242; x_wconf 80' lang='lat' dir='ltr'><strong>bas</strong></span> <span class='ocrx_word' id='word_1_201' title='bbox 292 2204 328 2243; x_wconf 84' lang='lat' dir='ltr'><strong>le</strong></span> <span class='ocrx_word' id='word_1_202' title='bbox 347 2203 530 2254; x_wconf 75' lang='lat' dir='ltr'><strong>seigneur</strong></span> <span class='ocrx_word' id='word_1_203' title='bbox 548 2202 595 2242; x_wconf 84' lang='lat' dir='ltr'><strong>de</strong></span> <span class='ocrx_word' id='word_1_204' title='bbox 617 2203 787 2241; x_wconf 87' lang='lat' dir='ltr'><strong>Fiennes</strong></span> <span class='ocrx_word' id='word_1_205' title='bbox 807 2203 962 2241; x_wconf 70' lang='lat' dir='ltr'><strong>attactae</strong></span> <span class='ocrx_word' id='word_1_206' title='bbox 983 2202 1007 2238; x_wconf 72' lang='lat' dir='ltr'><strong>a</strong></span> <span class='ocrx_word' id='word_1_207' title='bbox 1026 2213 1081 2239; x_wconf 90' lang='lat' dir='ltr'><strong>un</strong></span> <span class='ocrx_word' id='word_1_208' title='bbox 1102 2206 1213 2238; x_wconf 84' lang='lat' dir='ltr'><strong>autre</strong></span> <span class='ocrx_word' id='word_1_209' title='bbox 1233 2205 1354 2248; x_wconf 84' lang='lat' dir='ltr'><strong>poste.</strong></span> 
     </span>
    </p>

    <p class='ocr_par' dir='ltr' id='par_1_8' title="bbox 99 2257 1511 2361">
     <span class='ocr_line' id='line_1_27' title="bbox 143 2257 1511 2312; baseline -0.006 -10"><span class='ocrx_word' id='word_1_210' title='bbox 143 2263 180 2302; x_wconf 73' lang='lat'><strong>2.</strong></span> <span class='ocrx_word' id='word_1_211' title='bbox 200 2263 239 2302; x_wconf 88' lang='lat' dir='ltr'>A</span> <span class='ocrx_word' id='word_1_212' title='bbox 258 2263 295 2300; x_wconf 84' lang='lat' dir='ltr'><strong>la</strong></span> <span class='ocrx_word' id='word_1_213' title='bbox 314 2263 422 2312; x_wconf 73' lang='lat' dir='ltr'><strong>place</strong></span> <span class='ocrx_word' id='word_1_214' title='bbox 441 2261 492 2300; x_wconf 89' lang='lat' dir='ltr'><strong>du</strong></span> <span class='ocrx_word' id='word_1_215' title='bbox 511 2268 591 2301; x_wconf 86' lang='lat' dir='ltr'><strong>mot</strong></span> <span class='ocrx_word' id='word_1_216' title='bbox 607 2266 730 2311; x_wconf 74' lang='lat' dir='ltr'><strong>porea,</strong></span> <span class='ocrx_word' id='word_1_217' title='bbox 746 2262 774 2299; x_wconf 89' lang='lat' dir='ltr'><strong>il</strong></span> <span class='ocrx_word' id='word_1_218' title='bbox 787 2273 813 2311; x_wconf 83' lang='lat' dir='ltr'>y</span> <span class='ocrx_word' id='word_1_219' title='bbox 827 2273 850 2299; x_wconf 85' lang='lat' dir='ltr'><strong>a</strong></span> <span class='ocrx_word' id='word_1_220' title='bbox 867 2261 965 2299; x_wconf 78' lang='lat' dir='ltr'><strong>dans</strong></span> <span class='ocrx_word' id='word_1_221' title='bbox 985 2261 1020 2298; x_wconf 91' lang='lat' dir='ltr'><strong>le</strong></span> <span class='ocrx_word' id='word_1_222' title='bbox 1041 2265 1146 2297; x_wconf 86' lang='lat' dir='ltr'><strong>texte</strong></span> <span class='ocrx_word' id='word_1_223' title='bbox 1167 2269 1289 2306; x_wconf 62' lang='lat' dir='ltr'><strong>aqum</strong></span> <span class='ocrx_word' id='word_1_224' title='bbox 1308 2257 1408 2296; x_wconf 80' lang='lat' dir='ltr'><strong>mais</strong></span> <span class='ocrx_word' id='word_1_225' title='bbox 1428 2257 1511 2294; x_wconf 85' lang='lat' dir='ltr'><strong>l&#39;er-</strong></span> 
     </span>
     <span class='ocr_line' id='line_1_28' title="bbox 99 2321 503 2361; baseline -0.005 0"><span class='ocrx_word' id='word_1_226' title='bbox 99 2334 189 2361; x_wconf 85' lang='lat' dir='ltr'><strong>reur</strong></span> <span class='ocrx_word' id='word_1_227' title='bbox 207 2327 267 2360; x_wconf 87' lang='lat' dir='ltr'><strong>est</strong></span> <span class='ocrx_word' id='word_1_228' title='bbox 285 2321 503 2361; x_wconf 75' lang='lat' dir='ltr'><strong>manifesto.</strong></span> 
     </span>
    </p>

    <p class='ocr_par' dir='ltr' id='par_1_9' title="bbox 98 2375 1511 2489">
     <span class='ocr_line' id='line_1_29' title="bbox 144 2375 1511 2429; baseline -0.006 -9"><span class='ocrx_word' id='word_1_229' title='bbox 144 2381 181 2419; x_wconf 86' lang='grc'><strong>3.</strong></span> <span class='ocrx_word' id='word_1_230' title='bbox 202 2380 276 2420; x_wconf 85' lang='lat' dir='ltr'><strong>Ces</strong></span> <span class='ocrx_word' id='word_1_231' title='bbox 305 2391 419 2419; x_wconf 87' lang='lat' dir='ltr'><strong>noms</strong></span> <span class='ocrx_word' id='word_1_232' title='bbox 443 2391 485 2419; x_wconf 86' lang='lat' dir='ltr'><strong>se</strong></span> <span class='ocrx_word' id='word_1_233' title='bbox 510 2386 601 2419; x_wconf 85' lang='lat' dir='ltr'><strong>sont</strong></span> <span class='ocrx_word' id='word_1_234' title='bbox 628 2381 859 2424; x_wconf 55' lang='lat' dir='ltr'><strong>conservem</strong></span> <span class='ocrx_word' id='word_1_235' title='bbox 881 2380 908 2418; x_wconf 86' lang='lat' dir='ltr'><strong>il</strong></span> <span class='ocrx_word' id='word_1_236' title='bbox 928 2392 953 2429; x_wconf 83' lang='lat' dir='ltr'>y</span> <span class='ocrx_word' id='word_1_237' title='bbox 979 2390 1002 2417; x_wconf 88' lang='lat' dir='ltr'><strong>a</strong></span> <span class='ocrx_word' id='word_1_238' title='bbox 1031 2389 1173 2417; x_wconf 87' lang='lat' dir='ltr'><strong>encore</strong></span> <span class='ocrx_word' id='word_1_239' title='bbox 1203 2375 1448 2426; x_wconf 81' lang='lat' dir='ltr'><strong>aujourd’hui</strong></span> <span class='ocrx_word' id='word_1_240' title='bbox 1475 2375 1511 2412; x_wconf 89' lang='lat' dir='ltr'><strong>le</strong></span> 
     </span>
     <span class='ocr_line' id='line_1_30' title="bbox 98 2439 935 2489; baseline -0.002 -10"><span class='ocrx_word' id='word_1_241' title='bbox 98 2440 288 2489; x_wconf 78' lang='lat' dir='ltr'><strong>t&#39;subourg</strong></span> <span class='ocrx_word' id='word_1_242' title='bbox 305 2439 356 2478; x_wconf 92' lang='lat' dir='ltr'><strong>du</strong></span> <span class='ocrx_word' id='word_1_243' title='bbox 377 2439 606 2479; x_wconf 81' lang='lat' dir='ltr'><strong>Haut-Pom.</strong></span> <span class='ocrx_word' id='word_1_244' title='bbox 623 2440 648 2478; x_wconf 67' lang='lat' dir='ltr'><strong>a</strong></span> <span class='ocrx_word' id='word_1_245' title='bbox 667 2439 935 2478; x_wconf 83' lang='lat' dir='ltr'><strong>Saint-Omer.</strong></span> 
     </span>
    </p>

    <p class='ocr_par' dir='ltr' id='par_1_10' title="bbox 146 2494 1511 2545">
     <span class='ocr_line' id='line_1_31' title="bbox 146 2494 1511 2545; baseline -0.006 -7"><span class='ocrx_word' id='word_1_246' title='bbox 146 2501 180 2538; x_wconf 81' lang='lat'><strong>4.</strong></span> <span class='ocrx_word' id='word_1_247' title='bbox 205 2501 280 2538; x_wconf 83' lang='lat' dir='ltr'><strong>Les</strong></span> <span class='ocrx_word' id='word_1_248' title='bbox 298 2501 459 2538; x_wconf 73' lang='lat' dir='ltr'><strong>Annales</strong></span> <span class='ocrx_word' id='word_1_249' title='bbox 486 2500 690 2539; x_wconf 74' lang='lat' dir='ltr'><strong>Gandaems</strong></span> <span class='ocrx_word' id='word_1_250' title='bbox 719 2499 954 2538; x_wconf 85' lang='lat' dir='ltr'><strong>confirment</strong></span> <span class='ocrx_word' id='word_1_251' title='bbox 980 2499 1015 2535; x_wconf 84' lang='lat' dir='ltr'><strong>le</strong></span> <span class='ocrx_word' id='word_1_252' title='bbox 1036 2497 1105 2535; x_wconf 82' lang='lat' dir='ltr'><strong>fait</strong></span> <span class='ocrx_word' id='word_1_253' title='bbox 1123 2502 1163 2534; x_wconf 87' lang='lat' dir='ltr'><strong>et</strong></span> <span class='ocrx_word' id='word_1_254' title='bbox 1182 2496 1359 2545; x_wconf 84' lang='lat' dir='ltr'><strong>aj0utent</strong></span> <span class='ocrx_word' id='word_1_255' title='bbox 1382 2494 1511 2531; x_wconf 73' lang='lat' dir='ltr'><strong>meme</strong></span> 
     </span>
    </p>
   </div>
   <div class='ocr_carea' id='block_1_6' title="bbox 11 2550 1511 2666">
    <p class='ocr_par' dir='ltr' id='par_1_11' title="bbox 11 2550 1511 2666">
     <span class='ocr_line' id='line_1_32' title="bbox 17 2550 1511 2608; baseline -0.007 -11"><span class='ocrx_word' id='word_1_256' title='bbox 17 2560 23 2575; x_wconf 77' lang='grc'><strong>“’</strong></span> <span class='ocrx_word' id='word_1_257' title='bbox 99 2569 189 2608; x_wconf 84' lang='lat' dir='ltr'><strong>que,</strong></span> <span class='ocrx_word' id='word_1_258' title='bbox 203 2558 307 2596; x_wconf 85' lang='lat' dir='ltr'><strong>siles</strong></span> <span class='ocrx_word' id='word_1_259' title='bbox 321 2557 508 2608; x_wconf 71' lang='lat' dir='ltr'><strong>Francais</strong></span> <span class='ocrx_word' id='word_1_260' title='bbox 527 2557 723 2598; x_wconf 78' lang='lat' dir='ltr'><strong>n’avaient</strong></span> <span class='ocrx_word' id='word_1_261' title='bbox 737 2569 806 2606; x_wconf 80' lang='lat' dir='ltr'><strong>pas</strong></span> <span class='ocrx_word' id='word_1_262' title='bbox 828 2557 971 2595; x_wconf 76' lang='lat' dir='ltr'><strong>anume</strong></span> <span class='ocrx_word' id='word_1_263' title='bbox 992 2553 1213 2601; x_wconf 81' lang='lat' dir='ltr'><strong>l&#39;incendie,</strong></span> <span class='ocrx_word' id='word_1_264' title='bbox 1227 2553 1284 2592; x_wconf 88' lang='lat' dir='ltr'><strong>les</strong></span> <span class='ocrx_word' id='word_1_265' title='bbox 1302 2550 1511 2590; x_wconf 77' lang='lat' dir='ltr'><strong>Flamands</strong></span> 
     </span>
     <span class='ocr_line' id='line_1_33' title="bbox 11 2614 1136 2666; baseline -0.004 -10"><span class='ocrx_word' id='word_1_266' title='bbox 11 2637 15 2664; x_wconf 52' lang='lat'><strong>‚¹</strong></span> <span class='ocrx_word' id='word_1_267' title='bbox 100 2618 287 2656; x_wconf 83' lang='lat' dir='ltr'><strong>l&#39;eussent</strong></span> <span class='ocrx_word' id='word_1_268' title='bbox 306 2617 375 2656; x_wconf 79' lang='lat' dir='ltr'><strong>fait</strong></span> <span class='ocrx_word' id='word_1_269' title='bbox 395 2618 538 2666; x_wconf 81' lang='lat' dir='ltr'><strong>(Pertz,</strong></span> <span class='ocrx_word' id='word_1_270' title='bbox 556 2618 775 2666; x_wconf 64' lang='lat' dir='ltr'><strong>smmum,</strong></span> <span class='ocrx_word' id='word_1_271' title='bbox 795 2622 823 2655; x_wconf 88' lang='lat' dir='ltr'><strong>t.</strong></span> <span class='ocrx_word' id='word_1_272' title='bbox 846 2615 960 2663; x_wconf 83' lang='lat' dir='ltr'><strong>XVI,</strong></span> <span class='ocrx_word' id='word_1_273' title='bbox 982 2626 1018 2663; x_wconf 87' lang='lat' dir='ltr'><strong>p.</strong></span> <span class='ocrx_word' id='word_1_274' title='bbox 1041 2614 1136 2662; x_wconf 78' lang='lat'><strong>578).</strong></span> 
     </span>
    </p>
   </div>
   <div class='ocr_carea' id='block_1_7' title="bbox 148 2670 1511 2724">
    <p class='ocr_par' dir='ltr' id='par_1_12' title="bbox 148 2670 1511 2724">
     <span class='ocr_line' id='line_1_34' title="bbox 148 2670 1511 2724; baseline -0.007 -9"><span class='ocrx_word' id='word_1_275' title='bbox 148 2677 183 2715; x_wconf 86' lang='lat'><strong>5.</strong></span> <span class='ocrx_word' id='word_1_276' title='bbox 207 2675 249 2714; x_wconf 85' lang='lat' dir='ltr'><strong>Si</strong></span> <span class='ocrx_word' id='word_1_277' title='bbox 264 2676 341 2713; x_wconf 87' lang='lat' dir='ltr'><strong>l’on</strong></span> <span class='ocrx_word' id='word_1_278' title='bbox 360 2675 488 2713; x_wconf 85' lang='lat' dir='ltr'><strong>admet</strong></span> <span class='ocrx_word' id='word_1_279' title='bbox 500 2686 576 2724; x_wconf 85' lang='lat' dir='ltr'><strong>que</strong></span> <span class='ocrx_word' id='word_1_280' title='bbox 589 2675 627 2713; x_wconf 84' lang='lat' dir='ltr'><strong>la</strong></span> <span class='ocrx_word' id='word_1_281' title='bbox 638 2674 797 2713; x_wconf 69' lang='lat' dir='ltr'><strong>bstaille</strong></span> <span class='ocrx_word' id='word_1_282' title='bbox 810 2675 867 2713; x_wconf 83' lang='lat' dir='ltr'><strong>t&#39;ut</strong></span> <span class='ocrx_word' id='word_1_283' title='bbox 883 2674 1002 2711; x_wconf 69' lang='lat' dir='ltr'><strong>livi-ee</strong></span> <span class='ocrx_word' id='word_1_284' title='bbox 1017 2673 1052 2711; x_wconf 89' lang='lat' dir='ltr'><strong>le</strong></span> <span class='ocrx_word' id='word_1_285' title='bbox 1066 2672 1087 2710; x_wconf 79' lang='lat'><strong>7</strong></span> <span class='ocrx_word' id='word_1_286' title='bbox 1097 2671 1241 2721; x_wconf 77' lang='lat' dir='ltr'><strong>iuillet,</strong></span> <span class='ocrx_word' id='word_1_287' title='bbox 1255 2670 1341 2708; x_wconf 77' lang='lat' dir='ltr'><strong>cels</strong></span> <span class='ocrx_word' id='word_1_288' title='bbox 1360 2673 1511 2717; x_wconf 83' lang='lat' dir='ltr'><strong>reporte</strong></span> 
     </span>
    </p>
   </div>
   <div class='ocr_carea' id='block_1_8' title="bbox 13 2726 954 2783">
    <p class='ocr_par' dir='ltr' id='par_1_13' title="bbox 13 2726 954 2783">
     <span class='ocr_line' id='line_1_35' title="bbox 13 2726 954 2783; baseline -0.005 -8"><span class='ocrx_word' id='word_1_289' title='bbox 13 2726 16 2774; x_wconf 86' lang='grc' dir='ltr'><em>Ῑ</em></span> <span class='ocrx_word' id='word_1_290' title='bbox 102 2736 140 2775; x_wconf 69' lang='grc' dir='ltr'><strong>ιι</strong></span> <span class='ocrx_word' id='word_1_291' title='bbox 158 2735 245 2774; x_wconf 73' lang='lat' dir='ltr'><strong>date</strong></span> <span class='ocrx_word' id='word_1_292' title='bbox 266 2735 312 2772; x_wconf 80' lang='lat' dir='ltr'><strong>de</strong></span> <span class='ocrx_word' id='word_1_293' title='bbox 333 2735 370 2773; x_wconf 76' lang='lat' dir='ltr'><strong>la</strong></span> <span class='ocrx_word' id='word_1_294' title='bbox 390 2735 548 2773; x_wconf 65' lang='lat' dir='ltr'><strong>tetrafita</strong></span> <span class='ocrx_word' id='word_1_295' title='bbox 567 2745 616 2773; x_wconf 79' lang='lat' dir='ltr'><strong>au</strong></span> <span class='ocrx_word' id='word_1_296' title='bbox 638 2735 681 2772; x_wconf 79' lang='lat'><strong>16</strong></span> <span class='ocrx_word' id='word_1_297' title='bbox 699 2734 827 2783; x_wconf 80' lang='lat' dir='ltr'><strong>juillet</strong></span> <span class='ocrx_word' id='word_1_298' title='bbox 848 2733 954 2771; x_wconf 73' lang='lat'><strong>130⁴.</strong></span> 
     </span>
    </p>
   </div>
   <div class='ocr_carea' id='block_1_9' title="bbox 0 1182 27 3164">
    <p class='ocr_par' dir='ltr' id='par_1_14' title="bbox 0 1182 27 3164">
     <span class='ocr_line' id='line_1_36' title="bbox 0 1182 27 3164; baseline 0 0"><span class='ocrx_word' id='word_1_299' title='bbox 0 1182 27 3164; x_wconf 95' lang='lat' dir='ltr'><strong> </strong></span> 
     </span>
    </p>
   </div>
   <div class='ocr_carea' id='block_1_10' title="bbox 248 2795 1370 2836">
    <p class='ocr_par' dir='ltr' id='par_1_15' title="bbox 248 2795 1370 2836">
     <span class='ocr_line' id='line_1_37' title="bbox 248 2795 1370 2836; baseline -0.005 0"><span class='ocrx_word' id='word_1_300' title='bbox 248 2806 260 2836; x_wconf 85' lang='lat'>1</span> <span class='ocrx_word' id='word_1_301' title='bbox 1326 2795 1370 2831; x_wconf 76' lang='lat'><strong>10</strong></span> 
     </span>
    </p>
   </div>
  </div>
 </body>
</html>
