1838 3164
91 304 198 353 1302]
366 307 737 342 cunonociurnu
761 307 915 341 annun
942 307 1221 342 mucosum
1428 304 1491 341 101

89 387 253 438 tiferos
273 392 320 436 et
337 385 602 436 balistarios
625 390 767 451 prout
786 399 908 449 opus
929 391 1048 434 erat.
1068 384 1245 435 Deinde
1267 384 1497 452 garnisio-

43 495 47 499 -
90 480 175 515 nes
197 463 324 521 ville,
351 462 526 512 scilicet
554 460 770 511 victualia
798 464 846 509 et
876 476 931 508 ea
962 478 1055 526 que
1084 462 1145 511 ad
1177 461 1498 511 defencionem

14 543 20 562 ²
90 539 347 607 pertinent,
382 538 618 589 transtulit
646 537 695 587 in
718 541 943 586 castrum.
971 540 1074 597 Quo
1099 538 1291 603 quidem
1314 539 1498 589 munito

89 616 322 684 lapidibus
339 620 389 666 et
402 615 503 665 aliis
521 614 727 664 deffense
750 613 1142 678 competentibus,
1172 614 1274 680 ipse
1297 615 1498 664 Jacobus

89 693 300 760 perrexit
315 693 377 743 ad
395 707 574 759 regem,
597 690 671 740 cui
691 695 907 756 patenter
923 690 1158 756 expressit
1177 708 1270 756 que
1292 691 1499 741 fecerant

88 770 330 837 Flamingi.
352 771 452 819 Rex
474 784 607 826 vero,
626 767 716 817 hoc
732 766 910 825 audito,
929 768 1207 817 convocavit
1230 768 1494 826 consilium,

88 847 150 897 ad
181 845 424 896 sciendum
454 844 568 910 quid
602 860 747 909 super
776 844 867 893 hoc
898 848 1024 893 esset
1055 849 1245 894 acturus
1277 862 1288 893 :
1323 844 1371 893 in
1402 861 1498 909 quo

87 923 280 973 consilio
305 922 667 972 determinatum
691 920 764 971 est
786 920 917 987 quod
940 937 1105 971 omnes
1132 920 1313 972 nobiles
1336 920 1498 986 dispo-

89 1006 254 1053 nerent
276 1016 327 1050 se
350 999 411 1049 ad
434 1014 674 1066 guerram.

151 1081 299 1128 Porro
340 1076 566 1142 Flamingi
618 1075 967 1141 perpendentes
1007 1091 1101 1141 que
1143 1074 1494 1133 malefecerunt,

87 1153 281 1206 consilio
307 1153 538 1220 capitanei
565 1153 637 1203 sui
661 1153 786 1202 Petri
810 1153 975 1211 Conin,
1005 1152 1118 1202 alias
1141 1152 1302 1218 Regis,
1328 1153 1499 1204 Johan-

89 1231 162 1282 nis
175 1229 416 1296 Bred[e]le
427 1235 476 1279 et
487 1228 803 1295 quorumdam
821 1228 1038 1287 aliorum,
1059 1229 1289 1279 miserunt
1297 1234 1346 1278 et
1361 1245 1500 1296 roga-

86 1313 256 1359 verunt
279 1307 575 1357 Guillelmum
599 1307 660 1356 de
678 1306 876 1366 Juliooo,
899 1306 1095 1356 fratrem
1116 1306 1347 1357 Guillelmi
1371 1307 1497 1373 capti

2 1388 30 1502 »σήμηνε-μ

12 2027 32 2084 ⁴*-
8 1984 28 2020 ἐμ*
11 1934 26 1972 &3²¹
8 1877 20 1911 Ὃ*
2 1584 32 1868 ΦῆῖξΜξιῩῆ-Ἴῐ
11 1574 15 1575 ’
5 1555 25 1565 f·
14 1537 21 1543 ›
12 1495 27 1530 t),

87 1385 135 1435 in
170 1383 293 1434 bello
328 1382 578 1442 Furnensi,
619 1382 679 1432 ad
715 1382 1115 1432 manutenendum
1152 1398 1374 1449 guerram
1409 1399 1500 1448 pro

87 1460 368 1511 liberacione
387 1460 572 1510 comitis
589 1459 823 1518 Flandrie,
846 1460 1063 1510 avunculi
1083 1460 1153 1509 sui
1175 1460 1497 1518 incarcerati¹;

87 1545 136 1589 ct
175 1539 496 1605 promiserunt
538 1538 580 1586 ei
622 1554 791 1587 aurum
832 1543 880 1587 et
923 1543 1171 1603 argentum
1207 1554 1263 1586 ac
1304 1536 1500 1586 donaria

88 1617 252 1667 multa.
274 1616 358 1666 Hic
380 1621 482 1665 erat
500 1615 547 1664 in
572 1614 739 1664 ordine
762 1614 961 1664 clericali
986 1614 1269 1663 constitutus
1286 1620 1335 1664 et
1352 1615 1501 1663 eccle-

88 1693 156 1743 sie
185 1692 461 1743 cathedralis
491 1691 760 1742 Leodiensis
792 1691 1064 1749 canonicus,
1100 1708 1179 1749 ac,
1219 1697 1272 1740 ut
1307 1691 1500 1757 quidam

44 1783 56 1792 ·
89 1771 268 1829 dicunt,
296 1770 343 1819 in
369 1768 686 1836 nigromancia
710 1768 972 1833 aliqualiter
996 1768 1177 1834 peritus
1203 1773 1251 1818 et
1277 1768 1326 1817 in
1354 1769 1501 1818 sacris

90 1847 334 1899 ordinibus
353 1845 450 1913 jam
476 1846 772 1911 promotus².

137 2023 172 2062 1.
193 2022 247 2060 Le
273 2025 400 2060 comte
425 2020 472 2058 dc
499 2019 667 2058 Flandre
694 2019 788 2057 etait
816 2030 887 2057 son
919 2018 1168 2068 grand-pere.
1198 2018 1272 2056 Les
1298 2019 1502 2057 Ameana

91 2083 306 2130 chroniquoe
324 2082 366 2119 do
386 2081 544 2118 mandra
564 2085 633 2118 ont
654 2078 850 2128 reproduit
870 2080 907 2116 la
925 2079 1054 2116 meme
1074 2089 1222 2117 erreur.

136 2141 173 2180 2.
194 2141 251 2180 La
271 2142 480 2188 chron-‘quo
501 2141 708 2177 normands
730 2140 778 2187 (p.
802 2138 858 2185 18)
880 2138 1054 2187 l'appelle
1080 2138 1255 2186 toujours
1277 2152 1293 2174 ι
1317 2138 1430 2177 Clerc
1456 2138 1502 2176 de

94 2213 111 2237 ι
131 2199 292 2248 Juliers,
304 2209 402 2248 pour
421 2208 466 2236 ce
484 2209 561 2248 que
579 2197 710 2235 diacre
731 2197 847 2234 estoit
867 2202 905 2234 et
926 2197 1116 2235 attendoit
1135 2198 1158 2234 a
1177 2204 1280 2236 estre
1300 2198 1503 2245 beneficie,

95 2273 113 2295 ι
133 2263 254 2309 quant
277 2258 316 2296 la
340 2258 455 2296 conte
481 2257 534 2295 lui
560 2257 704 2305 eschey
730 2267 800 2304 par
825 2255 863 2293 la
888 2261 990 2293 mort
1011 2267 1082 2293 son
1107 2256 1219 2294 frere.
1247 2270 1263 2291 ι
1284 2256 1347 2294 On
1366 2262 1503 2294 trouve

94 2317 250 2356 ailleurs
277 2328 351 2367 que
379 2315 603 2354 Guillaume
631 2314 678 2352 de
706 2314 853 2351 Juliers
881 2314 986 2351 avait
1017 2313 1084 2351 des
1115 2314 1422 2352 connaissances
1452 2325 1503 2352 en

93 2375 365 2415 necromancia
378 2388 387 2420 ;
403 2386 473 2424 par
485 2385 596 2412 exem
603 2374 661 2423 ple
676 2373 774 2411 dans
787 2384 842 2410 un
855 2373 924 2410 des
941 2373 1179 2411 manuscrits
1193 2373 1261 2411 des
1277 2374 1505 2421 Chr-onmes

93 2437 136 2473 do
158 2437 318 2474 Blando-o
344 2436 469 2483 (Istoro
495 2438 529 2472 st
547 2437 740 2480 muniones
759 2436 802 2470 ds
828 2435 1018 2476 mandros,
1043 2433 1217 2481 puhliees
1236 2443 1306 2481 par
1324 2433 1361 2470 le
1380 2432 1503 2470 baron

93 2496 254 2544 Kervyn
267 2494 314 2533 de
327 2495 583 2542 Lettenhove,
593 2500 623 2532 t.
636 2494 669 2541 I,
683 2505 718 2543 p.
735 2494 821 2542 237,
835 2495 938 2540 note)
954 2496 1004 2531 oti
1015 2505 1066 2530 on
1078 2494 1143 2531 lit:
1159 2507 1175 2529 ι
1189 2493 1266 2531 Car
1276 2505 1328 2532 on
1338 2493 1414 2531 dist
1428 2504 1503 2543 que

95 2568 111 2588 a
133 2553 160 2590 il
172 2552 325 2591 ouvroit
337 2552 388 2590 du
402 2552 581 2602 magique
595 2558 668 2590 art.
688 2565 705 2587 ι
722 2551 781 2589 De
791 2552 878 2600 plus
893 2552 949 2589 les
963 2553 1125 2589 Annales
1139 2553 1345 2590 Gandenses
1359 2552 1504 2599 (Pertz,

96 2612 308 2659 δωῆρεονοε,
325 2616 352 2650 t.
370 2611 484 2660 XVI,
497 2623 533 2661 p.
551 2612 631 2660 575)
645 2611 774 2649 disent
789 2611 837 2649 de
850 2610 1074 2649 Guillaume
1089 2611 1135 2648 de
1148 2611 1310 2659 Juliers,
1324 2611 1503 2661 qu'apres

95 2670 273 2709 Gourtrai
304 2683 312 2707 :
346 2683 363 2705 ι
393 2670 591 2709 Demones
618 2669 811 2719 adjuravit
843 2674 881 2707 et
910 2669 1127 2715 consuluit,
1156 2669 1305 2707 libidini
1334 2669 1503 2715 vacavit,

100 2743 116 2765 ιι
137 2740 355 2779 magorum,
382 2729 670 2768 incantatorum
699 2734 738 2767 et
765 2729 1159 2778 flagitiosissimorum
1186 2729 1392 2768 hominum
1420 2739 1502 2766 ser-

38 2809 40 2811 >
101 2802 118 2823 ι
140 2789 231 2827 vitio
251 2795 289 2827 et
310 2788 472 2827 consilio
491 2794 530 2827 et
549 2789 723 2827 amicitia
742 2788 966 2826 utebatur...
991 2802 1008 2822 u
