1838 3164
379 301 445 340 108
655 299 1025 336 cunouooau’nu
1051 298 1204 333 amun
1230 297 1510 333 ΜΟΟΙΙΙΙ.
1673 293 1781 343 [¹³⁰2

370 384 509 451 jussit
527 388 579 432 ut
596 379 765 430 vexilla
784 378 1094 445 pmderent
1111 384 1159 427 et
1178 377 1414 428 irruerem
1430 377 1478 428 in
1498 376 1779 444 Flamingos.

441 459 508 510 llli
533 475 649 509 vero
673 458 754 524 qui
781 457 1098 524 precedebant
1121 455 1357 508 cun-endo
1381 455 1614 516 celeriter,
1641 471 1785 524 nuper

375 553 522 604 equos
548 535 814 594 volitantes,
841 534 981 585 simul
1011 534 1283 585 ceciderunt
1312 534 1360 583 in
1392 533 1636 592 (mamm,
1663 548 1787 584 unus

375 629 518 679 super
529 613 748 672 alterum,
766 627 876 663 cum
893 611 1029 678 equis
1044 611 1158 670 suis,
1178 611 1242 661 ita
1259 611 1526 676 impetuose
1539 608 1670 676 quod
1688 609 1786 661 sm

374 706 540 741 omnes
561 689 734 740 mortui
752 694 833 739 aut
852 688 1065 739 suffocati
1091 694 1216 739 sunt.
1240 690 1368 748 Quos
1392 686 1547 737 taliter
1563 701 1788 737 οοιτυαι-

373 773 446 817 tes
486 765 711 833 Flamingi
760 765 1101 832 prospicientes
1143 781 1236 815 una
1278 763 1417 814 simul
1461 779 1571 814 cunm
1618 762 1784 823 hatis,

373 843 568 894 machiis
597 848 646 893 et
676 842 869 892 ensibus
903 841 1061 891 subito
1094 841 1304 909 aggressi
1336 846 1446 891 sunt
1476 856 1576 900 eos,
1608 839 1789 907 absque

373 920 584 970 remedio
615 925 808 970 cunctos
837 918 1122 968 occidentes.
1152 918 1249 968 lllic
1273 918 1333 969 de
1363 917 1622 968 intersectis
1650 916 1790 968 ca&-

375 998 566 1048 veribus
583 1000 870 1047 Francorum
891 996 946 1045 flt
966 995 1259 1062 permaxima
1283 996 1488 1063 strages!
1512 995 1607 1046 lllie
1624 993 1790 1045 Franci

374 1092 402 1124 a
432 1074 683 1140 Flamingis
718 1071 995 1138 intercepti,
1031 1070 1286 1122 crudeliter
1315 1070 1532 1122 trucidati
1562 1076 1611 1121 et
1642 1069 1789 1120 vitam

373 1150 591 1201 exalent!
635 1153 801 1216 Magna
838 1154 886 1199 et
922 1147 1275 1198 innumerabilis
1316 1148 1366 1197 in
1408 1147 1604 1198 introitu
1645 1145 1790 1197 cedes

374 1226 682 1277 committitur
714 1225 967 1283 nobilium,
1000 1242 1093 1291 que
1128 1230 1226 1274 tota
1257 1224 1335 1275 die
1363 1241 1516 1291 usque
1544 1223 1607 1275 ad
1636 1222 1790 1275 noctis

372 1302 594 1352 tenebras
617 1301 909 1367 perduravit.
938 1304 1035 1351 Hec
1058 1300 1252 1367 inquam
1274 1300 1395 1360 dies,
1423 1300 1512 1351 suit
1533 1299 1638 1351 dies
1661 1315 1790 1351 mm-

372 1379 490 1429 ourii
513 1384 622 1428 ante
646 1377 1023 1428 'translacionem
1049 1377 1175 1428 beati
1199 1377 1455 1437 Benedicti,
1483 1377 1593 1428 anni
1614 1392 1789 1444 pmc-

373 1456 475 1512 tati,
502 1455 736 1509 millesimi
761 1455 938 1506 scilicet
959 1455 1063 1507 ccc*
1088 1454 1330 1505 secundi¹.

438 1536 587 1583 Porro
608 1548 768 1582 comes
786 1531 1007 1591 Arthesii,
1023 1531 1107 1598 qui
1121 1531 1402 1599 confligebat
1416 1536 1582 1582 contu
1601 1531 1790 1582 mache-

374 1611 551 1661 erarios
579 1610 640 1660 de
669 1609 856 1676 Bmgis,
890 1610 1189 1676 resupinatus
1215 1616 1290 1659 est
1319 1625 1466 1675 super
1494 1609 1632 1676 spina
1657 1608 1787 1660 doni

372 1774 419 1813 de
447 1773 670 1812 Guillaume
698 1773 746 1812 de
772 1772 924 1822 Nangis
952 1775 997 1819 (t.
1025 1772 1060 1820 1,
1086 1783 1123 1821 p.
1155 1772 1255 1821 3¹8),
1283 1772 1340 1811 les
1367 1773 1532 1812 oram
1559 1773 1788 1822 chronique·

373 1836 414 1882 (t.
429 1833 480 1882 V,
500 1845 538 1882 p.
561 1833 642 1879 140)
662 1836 865 1871 monti-ent
884 1832 943 1871 les
962 1831 1182 1870 chevaliers
1200 1845 1218 1868 ι
1241 1831 1571 1882 contredaignans
1588 1833 1676 1872 leur
1692 1838 1789 1884 aaut

373 1906 390 1929 ι
412 1892 460 1931 de
478 1892 554 1941 pie.
577 1906 595 1927 ι
617 1892 685 1931 Un
703 1891 924 1930 manuscrit
940 1891 1010 1930 des
1031 1892 1260 1939 alumnique:
1277 1892 1320 1930 de
1339 1892 1498 1930 Mandro
1511 1893 1639 1938 (Iseon
1656 1897 1691 1931 a
1708 1904 1788 1933 om-

370 1954 500 1999 niquos
518 1952 561 1988 de
579 1951 768 1994 mandros,
785 1954 813 1987 t.
829 1949 864 1998 1,
877 1960 916 1998 p.
930 1949 1016 1997 235,
1032 1954 1123 1987 note
1141 1949 1181 1993 2)
1194 1948 1251 1988 dit
1262 1949 1311 1988 de
1323 1951 1453 1989 meme
1471 1961 1547 2000 que
1568 1964 1586 1987 ι
1608 1950 1636 1989 li
1653 1951 1788 2001 pieton

373 2025 391 2045 «ι
413 2010 593 2048 faisoient
612 2014 698 2058 trop
717 2009 810 2048 bien
830 2009 916 2047 leur
934 2008 1070 2047 devoir
1086 2015 1127 2047 et
1155 2014 1316 2048 eussent
1339 2021 1390 2048 eu
1408 2010 1571 2058 victore,
1591 2021 1634 2049 se
1659 2011 1788 2051 n’sux

373 2082 390 2104 ι
411 2070 495 2107 este
514 2069 542 2106 li
561 2068 745 2118 orgueuls
763 2067 811 2106 de
831 2067 975 2106 cheulx
995 2067 1044 2106 de
1064 2069 1219 2118 queval.
1241 2081 1259 2105 ι
1279 2069 1334 2108 Le
1353 2071 1482 2108 meme
1500 2075 1607 2108 texte
1626 2074 1787 2110 raconte

370 2139 445 2177 que
464 2128 503 2165 la
521 2127 625 2177 pluie
646 2132 863 2166 sui-venant
883 2132 1096 2176 augmenta
1115 2127 1154 2166 la
1172 2127 1391 2167 confit-ion.

419 2187 453 2223 1.
473 2185 531 2223 La
548 2185 638 2223 date
656 2184 810 2223 donnee
828 2184 880 2224 ici
899 2184 1138 2234 correspond
1157 2196 1207 2224 au
1227 2186 1270 2224 11
1293 2186 1425 2236 juillet
1450 2187 1542 2226 130‘2
1561 2193 1601 2228 et
1626 2187 1723 2227 e'est
1748 2188 1788 2228 la

369 2245 458 2282 date
489 2250 640 2283 exacte.
674 2244 741 2283 Un
777 2248 884 2282 texte
915 2243 1059 2293 inedit,
1092 2245 1233 2294 auquel
1266 2245 1335 2294 j'ai
1371 2245 1458 2295 deja
1495 2246 1565 2285 fait
1598 2247 1787 2298 qoelques

370 2308 574 2353 emprunts
603 2302 716 2350 (e'est
744 2303 780 2341 le
809 2309 964 2353 compte
991 2303 1038 2342 de
1066 2304 1105 2341 la
1133 2303 1303 2353 depenso
1331 2305 1424 2344 faite
1452 2316 1551 2354 pour
1578 2306 1711 2346 l’hotel
1737 2307 1787 2347 ds

371 2363 519 2401 Robert
530 2360 704 2402 d'Artois
717 2362 890 2412 pendant
909 2363 967 2402 les
985 2362 1162 2401 derniers
1179 2363 1289 2412 iours
1302 2363 1350 2401 de
1369 2365 1408 2402 la
1420 2365 1482 2403 vie
1495 2364 1543 2403 de
1556 2376 1603 2404 ce
1620 2365 1785 2416 prince),

371 2421 499 2460 donne
519 2433 571 2460 en
588 2433 749 2471 propres
767 2426 913 2460 termes
935 2434 945 2459 :
969 2435 985 2457 ι
1009 2421 1193 2469 Mecreffl,
1211 2423 1302 2472 jour
1319 2422 1367 2461 de
1387 2423 1426 2461 la
1445 2423 1605 2462 bataille
1626 2437 1644 2460 ι
1664 2423 1782 2470 (Bibl.

372 2486 471 2529 nat.,
491 2482 558 2518 lat.
579 2481 688 2529 9015,
707 2481 818 2530 piece
838 2481 918 2529 31);
939 2491 998 2530 or,
1012 2481 1050 2519 le
1069 2482 1110 2518 1¹
1128 2481 1257 2530 juillet
1277 2482 1372 2520 etait
1391 2483 1483 2522 bien
1502 2495 1557 2522 un
1575 2483 1783 2523 mercredi.

370 2541 447 2578 Les
465 2542 628 2578 Annales
648 2541 855 2579 Gandenm
875 2540 1018 2588 (Peru,
1037 2540 1254 2588 Scriptores,
1273 2546 1301 2578 t.
1324 2541 1439 2588 XVI,
1458 2554 1498 2591 p.
1512 2543 1595 2590 57⁰)
1607 2541 1785 2582 donnknt

371 2600 410 2636 la
427 2601 554 2637 meme
567 2598 657 2636 date
679 2612 687 2635 :
713 2612 730 2635 ι
750 2599 866 2637 Feria
885 2604 1026 2648 quarta
1044 2609 1185 2648 nempe
1205 2611 1231 2637 v
1249 2599 1336 2637 idus
1354 2600 1467 2649 Julii,
1482 2615 1501 2636 ι
1515 2601 1617 2639 mais
1635 2601 1784 2640 l'anno-

371 2663 514 2706 tatem,
533 2669 605 2706 par
629 2669 707 2695 une
734 2669 870 2697 erreur
895 2658 1171 2707 inexplicable‚
1191 2669 1216 2696 a
1233 2658 1363 2697 donne
1387 2671 1541 2698 comme
1559 2660 1784 2710 equivalent

372 2716 408 2753 le
432 2716 455 2753 9
477 2716 617 2764 juillet.
639 2716 744 2754 G'est
769 2721 872 2755 cette
898 2722 991 2755 note
1011 2716 1147 2766 qu’ont
1170 2717 1391 2766 reproduite
1410 2718 1468 2757 les
1485 2717 1656 2757 editeuts
1677 2717 1727 2757 de
1743 2719 1783 2757 la

377 2776 584 2823 Chr-cuique
603 2778 809 2814 numanae
829 2779 878 2824 (p.
899 2776 985 2822 235,
1004 2781 1096 2814 note
1114 2777 1164 2823 4).
