1838 3164
116 282 220 329 ¹319]
385 285 754 319 GHRONOGRAPHIA
778 285 931 318 mmm!
955 284 1233 320 mnooum.
1442 280 1511 319 245

113 381 251 414 causa
270 363 518 429 spatiandi,
538 363 600 412 ita
619 369 688 421 ut,
706 361 821 427 ipsis
839 362 1140 426 fugientibus,
1161 363 1439 413 Guillermus
1452 363 1512 412 de

113 441 329 498 Norem¹‚
364 440 632 505 capitaneus
661 438 905 488 dumtaxat
937 439 1262 502 quaternarius
1294 439 1514 505 regrede-

113 523 244 566 retur
282 517 546 574 castelium,
588 514 824 578 ceterique
866 521 1160 578 caperentur.
1199 517 1315 565 Cum
1358 522 1515 566 autem

113 599 315 659 quatuor
329 593 495 642 diebus
506 590 803 641 marescallus
814 590 1112 655 impugnaret
1128 592 1389 648 castellum,
1410 593 1515 657 ipso

113 670 189 719 die
221 675 413 735 quarto,
450 668 513 718 illi
546 667 606 716 de
638 666 828 716 castello
857 666 1175 716 submiserunt
1209 684 1261 716 se
1288 669 1514 719 voluntati

113 746 230 812 ejus,
258 746 356 804 ubi,
390 744 544 811 posito
574 758 697 791 novo
726 742 970 807 capitaneo
991 759 1051 791 ex
1075 749 1210 808 parte
1235 744 1379 809 regis,
1407 761 1516 794 cum

113 822 325 872 soldariis
350 820 484 871 duxit
508 835 620 869 suos
640 818 944 884 prisionarios
967 818 1027 868 ad
1047 821 1266 869 Sanctum
1280 820 1516 870 Audoma-

114 914 235 955 rum,
263 896 343 947 ubi
366 897 515 946 multo
539 901 755 961 tempore
778 895 947 944 morati
972 902 1097 946 sunt.

175 977 232 1024 Et
248 972 663 1031 conestabularius,
683 971 851 1021 videns
868 971 1102 1021 sederatos
1127 972 1247 1022 male
1271 978 1512 1031 mctatos,

111 1050 357 1115 requisivit
381 1049 573 1099 domino
602 1049 662 1098 de
686 1048 881 1098 Fiennes
910 1064 997 1113 per
1017 1048 1362 1098 internuncium
1386 1049 1515 1114 quod

113 1132 305 1192 possent
341 1126 515 1176 habere
552 1125 846 1175 collationem
884 1125 1100 1182 insimui;
1137 1141 1234 1189 quo
1271 1141 1512 1181 concesso.

110 1203 342 1270 assignata
372 1199 441 1252 est
475 1202 578 1251 dies
608 1201 668 1251 ad
698 1201 1050 1251 Monsterolium
1080 1217 1229 1267 supra
1258 1204 1401 1259 Uare,
1435 1202 1515 1252 ubi

111 1296 219 1329 cum
259 1278 612 1335 convenissent,
658 1278 877 1328 dominus
918 1277 979 1327 de
1021 1277 1219 1328 Fiennes
1260 1278 1518 1344 spopondit

112 1355 484 1405 conestabulario
514 1354 641 1420 quod
677 1354 767 1403 iret
800 1353 859 1403 ad
892 1353 1148 1419 petendum
1180 1354 1366 1404 veniam
1394 1355 1513 1421 regi.

111 1431 516 1482 Couestabularius
533 1431 659 1481 enim
681 1430 962 1497 promiserat
976 1430 1018 1479 ei
1041 1430 1171 1495 quod
1195 1430 1380 1480 veniam
1394 1430 1518 1481 obti-

111 1514 261 1566 neret,
289 1508 614 1574 assignataque
637 1513 711 1556 est
732 1506 834 1556 dies
857 1523 950 1573 qua
973 1506 1063 1555 iret
1086 1506 1147 1555 ad
1171 1523 1351 1572 regem.

130 1638 132 1640 ,
175 1585 580 1635 Conestabularius
606 1600 740 1642 vero,
772 1598 976 1649 pergens
1012 1582 1072 1632 ad
1106 1599 1287 1648 regem,
1317 1583 1438 1633 dixit
1473 1585 1516 1632 ei

111 1660 240 1726 quod
259 1660 477 1710 dominus
496 1660 556 1710 de
576 1660 771 1710 Fiennes
788 1665 891 1708 erat
909 1665 1100 1724 paratus
1121 1659 1181 1709 ad
1200 1658 1289 1708 sibi
1311 1660 1518 1726 compla-

111 1737 330 1787 cendum.
364 1739 516 1802 Super
539 1753 635 1801 quo
663 1736 950 1802 assignatum
981 1741 1056 1785 est
1086 1752 1232 1786 unum
1257 1737 1518 1803 pai-lanien-

111 1819 210 1863 tum
229 1812 354 1879 apud
374 1812 677 1868 Coisiacum²‚
694 1828 845 1877 prope
857 1811 1217 1877 Compendium‚
1239 1813 1361 1863 inter
1373 1813 1518 1862 comi-

111 1890 275 1940 tissam
303 1889 473 1939 Artesii
507 1906 566 1939 ex
603 1905 693 1938 una
729 1894 865 1955 parte
901 1894 950 1938 et
986 1888 1222 1939 seder-atos
1257 1906 1318 1939 ex
1353 1890 1513 1948 altera,

112 1967 191 2017 ubi
215 1984 310 2033 pax
333 1966 456 2016 inter
479 1981 562 2015 eos
588 1965 863 2015 confirmata
888 1966 1007 2014 est⁸.

160 2108 194 2145 1.
215 2106 319 2146 C'est
338 2106 439 2145 ainsi
458 2117 534 2156 que
552 2106 608 2143 les
626 2108 739 2143 Istoro
757 2110 791 2142 σε
809 2107 1004 2152 omniqua
1021 2106 1065 2142 do
1083 2107 1260 2143 mandros
1279 2106 1455 2144 eci-ivam
1474 2117 1518 2145 ce

114 2177 205 2204 nom
225 2167 265 2213 (t.
284 2165 318 2213 1,
336 2176 374 2215 p.
395 2165 489 2211 313).
513 2164 612 2202 Mais
631 2164 659 2202 il
684 2176 710 2213 y
729 2175 752 2202 8
771 2163 838 2203 des
865 2164 1064 2202 variantes
1089 2164 1201 2202 telles
1225 2175 1300 2213 que
1321 2165 1450 2212 Noyon
1469 2176 1518 2203 ou

51 2280 54 2284 .
113 2236 255 2264 encore
280 2225 434 2263 Ver-non.
457 2225 604 2271 (lli-scor.
621 2225 665 2261 do
683 2225 760 2266 Fr..
781 2228 809 2260 t.
832 2223 970 2269 xxn,
988 2234 1026 2272 p.
1048 2224 1115 2262 ⁴11
1137 2229 1176 2261 et
1198 2229 1288 2261 note
1306 2223 1360 2271 6.)

159 2284 196 2323 2.
217 2283 560 2333 choisy-au-Bac,
589 2282 700 2329 Oine,
730 2282 1060 2320 arrondissement
1087 2287 1127 2320 et
1154 2288 1300 2320 canton
1326 2282 1375 2320 de
1402 2282 1518 2321 Gom-

114 2343 266 2392 piegne.

162 2401 197 2439 3.
219 2401 274 2440 Le
301 2401 341 2439 11
370 2411 476 2439 mars
500 2405 541 2439 et
566 2400 602 2439 le
628 2401 683 2438 1⁸¹
708 2399 806 2438 avril
835 2399 940 2446 ¹3¹9,
966 2399 1039 2449 ily
1063 2405 1130 2438 eut
1157 2399 1260 2438 deux
1285 2400 1520 2439 solennelles

116 2459 368 2499 conferences
398 2459 422 2497 ὲ
450 2458 684 2509 Gompiegne
721 2464 832 2497 entre
872 2460 930 2496 les
966 2459 1134 2497 revoltes
1170 2457 1341 2498 d'Artois
1377 2470 1427 2498 ou
1463 2460 1520 2499 les

118 2533 134 2554 ι
157 2519 269 2567 aliea,
291 2532 308 2554 n
331 2529 481 2557 comme
499 2529 551 2556 on
570 2519 627 2556 les
641 2519 807 2568 appelait
826 2518 942 2565 alors,
962 2523 1002 2556 et
1021 2518 1078 2555 les
1091 2529 1188 2567 gens
1205 2518 1256 2556 du
1278 2519 1334 2556 roi
1353 2519 1428 2557 tels
1446 2530 1521 2569 que

117 2578 289 2626 l'eveque
314 2576 362 2615 de
388 2577 528 2615 Mende
554 2576 777 2616 Guillaume
802 2578 975 2624 Dux-ant,
1007 2577 1043 2614 le
1075 2582 1202 2615 comte
1226 2576 1274 2616 de
1305 2577 1518 2625 Clermout,

117 2637 218 2674 Jean
240 2636 370 2680 pasto.
387 2635 556 2674 Thomas
574 2636 622 2675 de
641 2636 901 2676 Mox-fontaine
920 2642 959 2674 et
980 2649 996 2671 ι
1020 2647 1091 2675 nos
1110 2642 1242 2675 autres
1260 2637 1476 2686 seigneurs.
1500 2650 1517 2672 ι

121 2695 236 2740 (Bihl.
258 2701 356 2742 nat..
376 2706 450 2734 ms.
472 2695 518 2733 fr.
539 2695 672 2743 23256,
693 2695 756 2734 fol.
777 2696 823 2734 ⁴8
844 2696 907 2741 τ’.)
928 2695 1030 2733 G'est
1055 2696 1079 2732 ὰ
1106 2700 1169 2734 cet
1195 2695 1350 2745 episode
1377 2707 1452 2745 que
1477 2707 1518 2733 se

122 2760 344 2803 rapportent
363 2754 463 2792 deux
484 2754 645 2793 extraits
670 2754 720 2792 du
738 2755 891 2803 Journal
917 2754 966 2792 du
994 2754 1135 2792 Tresor
1158 2754 1205 2792 de
1229 2754 1389 2792 charles
1407 2754 1463 2792 IV
1484 2755 1519 2792 le
