1838 3164
393 294 460 333 102
668 292 1038 329 cunouoomuu
1063 291 1217 327 noun
1241 290 1520 326 ωΝῦΟΙυΙ.
1687 287 1794 336 [lm

454 374 540 434 Qui
555 372 747 440 quidem
766 371 937 422 milites
950 387 1006 420 sc
1020 369 1252 420 soldarios
1269 369 1580 436 undequaque
1597 386 1797 437 congre-

386 469 520 520 gans,
548 449 812 500 Flsndriam
839 448 1029 499 intravit
1051 453 1226 498 etcum
1250 462 1424 513 magno
1446 446 1657 498 exercitu
1679 450 1799 499 Bru-

385 530 458 596 gis
475 528 580 594 (sic)
597 526 836 577 secessit&
857 525 997 593 Cujus
1009 524 1203 576 oonsilio
1219 523 1450 574 miserunt
1459 523 1586 591 apud
1601 527 1798 575 Nomin-

387 606 511 655 cium
541 610 590 654 et
616 608 907 671 rogaverunt
937 602 1153 653 similiter
1173 600 1431 652 avunculos
1460 617 1591 660 suos,
1624 600 1800 652 scilieet

386 682 663 738 schamem,
691 679 955 732 Guidonem
977 685 1027 729 et
1050 678 1303 729 Heni-icum
1329 678 1516 736 fratres,
1543 677 1666 729 filios
1687 677 1800 730 Gui-

386 757 525 808 donis
539 757 739 824 predicti
755 757 941 807 comitis
957 755 1256 806 Flandrensis
1268 755 1539 807 incarcerati
1555 761 1605 807 et
1618 758 1800 822 Ιιεμ-

387 841 505 894 rete‚
533 835 772 885 comitisse
796 834 857 884 de
875 833 1142 892 Namurcio‚
1166 849 1316 883 uxore
1331 832 1451 900 ejus,
1479 832 1560 899 qui
1585 831 1800 884 simliter

387 912 447 962 ad
471 911 737 963 Flandriam
761 916 932 978 sponte
956 915 1274 961 accesserunt.

450 991 599 1038 Porro
630 987 902 1037 Guillelmus
931 986 991 1036 de
1018 985 1215 1043 Juliooo.
1247 993 1440 1052 sumpto
1470 1001 1631 1036 semim
1660 1001 1799 1037 aer-

384 1065 479 1115 citu
508 1081 617 1114 cum
649 1064 809 1114 multis
839 1062 1176 1130 Brugensibus‚
1211 1062 1339 1113 venit
1371 1062 1432 1112 sd
1463 1062 1747 1128 Disquemue
1756 1062 1795 1122 ²,

384 1142 444 1191 ad
464 1145 674 1208 Ypprsm
697 1147 745 1191 et
769 1141 953 1200 Fui-nis,
975 1140 1055 1206 qui
1083 1155 1249 1189 omnes
1272 1156 1324 1190 se
1348 1138 1438 1189 sibi
1463 1138 1795 1191 reddiderunt.

382 1218 559 1269 Deinde
587 1218 858 1269 Guillelmus
884 1217 1012 1267 venit
1035 1233 1204 1267 versus
1227 1217 1435 1281 Bergbes
1462 1232 1572 1267 cum
1600 1217 1800 1284 papilio-

383 1296 521 1346 nibus
547 1301 596 1346 et
618 1295 848 1345 tentoriis.
878 1295 1069 1345 Interim
1097 1310 1288 1360 quoque
1314 1294 1448 1344 Welo
1478 1300 1796 1362 cognomento

383 1371 569 1429 Paene,
596 1370 662 1421 ibi
690 1371 898 1420 existens
927 1387 988 1420 ex
1013 1376 1148 1436 parte
1171 1369 1358 1420 comitis
1381 1369 1603 1430 Artbesii,
1630 1369 1799 1422 videns

381 1446 511 1513 quod
534 1447 598 1497 illi
623 1447 684 1498 de
709 1448 815 1497 villa
842 1447 940 1514 jam
965 1447 1097 1497 ibant
1125 1446 1317 1497 obviam
1342 1446 1594 1514 FlamIngis
1617 1453 1671 1498 ut
1686 1449 1799 1513 jun-

382 1530 549 1592 gerent
567 1541 618 1575 se
634 1541 743 1575 cum
761 1524 847 1581 eis,
866 1524 977 1574 fecit
1000 1540 1113 1574 suos
1135 1523 1311 1574 armari
1335 1529 1384 1573 et
1407 1524 1571 1575 exiens
1589 1522 1652 1575 de
1666 1523 1794 1584 ville,

381 1602 511 1651 venit
534 1601 662 1666 apud
693 1601 968 1659 cassellum,
995 1601 1075 1651 ubi
1100 1600 1255 1651 nullus
1278 1617 1370 1667 pro
1401 1606 1512 1652 tunc
1535 1600 1791 1653 habitabat.

383 1677 563 1727 Idcirco
596 1677 751 1743 posuit
787 1677 963 1727 ibidem
996 1693 1057 1727 ex
1090 1684 1225 1742 perte
1255 1677 1405 1743 regis,
1439 1678 1702 1729 Johsnnem
1733 1677 1796 1729 de

382 1754 718 1819 Havesquerka
741 1760 791 1804 et
812 1754 1049 1821 Egidium‚
1078 1754 1273 1805 fratrem
1297 1771 1454 1814 suum,
1482 1754 1711 1807 Alai-dum
1733 1755 1795 1807 de

382 1834 549 1881 Sancta
566 1831 859 1898 Aldegunda,
881 1831 1069 1891 milites,
1090 1848 1200 1881 cum
1222 1832 1438 1898 pluribus
1460 1831 1724 1892 solderiis⁸3
1745 1838 1795 1883 et

381 1908 563 1956 munito
588 1912 744 1956 cestro
762 1906 1042 1956 victualibus
1059 1913 1107 1957 et
1131 1908 1300 1957 ceteris
1323 1908 1496 1974 quibus
1523 1925 1645 1975 opus
1670 1914 1791 1968 eret,

381 1984 511 2034 venit
533 1983 594 2034 ad
624 1986 848 2034 Sanctum
871 1982 1194 2034 Audomarum
1224 2001 1333 2035 oum
1360 1985 1552 2035 residuo
1580 1986 1795 2038 viromm

380 2077 594 2120 suorum,
622 2067 675 2110 ut
699 2060 991 2110 custodirent
1014 2060 1190 2111 villam.

428 2178 462 2214 1.
484 2177 550 2216 Un
569 2177 789 2216 manuscrit
808 2177 877 2216 des
894 2179 1100 2216 Amicum
1125 2179 1343 2227 chronique:
1360 2180 1404 2217 de
1429 2180 1591 2218 flandra
1609 2181 1738 2229 (mm
1759 2186 1795 2221 et

379 2239 573 2284 croniquos
585 2238 629 2274 do
640 2239 828 2283 Mandros,
841 2236 1015 2286 publiees
1028 2248 1098 2286 par
1110 2237 1147 2275 le
1160 2237 1284 2276 baron
1294 2238 1459 2287 Kervyn
1472 2239 1519 2276 de
1533 2239 1792 2290 Isettenhovm

379 2300 407 2333 t.
423 2296 457 2344 Ι,
471 2307 508 2344 p.
523 2296 609 2343 231,
623 2307 663 2334 n.
681 2297 715 2343 1)
729 2302 838 2345 porte
857 2297 881 2334 ὸ,
898 2296 1033 2345 20,οω
1052 2296 1264 2346 soudoyers
1283 2297 1319 2334 le
1339 2298 1502 2336 nombre
1521 2298 1592 2337 des
1610 2299 1790 2340 hommes

379 2365 456 2404 que
482 2354 785 2393 rassemblerent
809 2354 1035 2393 Guillaume
1059 2354 1108 2393 de
1131 2355 1279 2393 Juliers
1302 2362 1342 2394 et
1367 2356 1444 2394 Gui
1469 2356 1516 2394 de
1544 2357 1709 2397 Naxum.
1734 2359 1791 2398 Le

379 2413 509 2451 meme
534 2418 642 2451 texte
668 2413 832 2462 pretend
850 2413 969 2463 qu’on
987 2419 1142 2462 compta
1159 2425 1212 2452 en
1232 2419 1343 2452 outre
1359 2415 1516 2465 jusqu’t
1535 2416 1668 2465 50,000
1684 2416 1792 2456 Bru-

379 2471 487 2520 genis
514 2473 656 2520 ranges
681 2483 773 2510 sous
798 2472 856 2510 les
882 2471 1016 2510 ordres
1039 2471 1088 2511 de
1113 2472 1248 2511 Pierre
1274 2473 1458 2524 Konyng.
1486 2476 1608 2521 (Μ,
1634 2487 1675 2525 p.
1701 2475 1788 2526 232,

379 2541 420 2567 n.
444 2531 491 2577 1.)

425 2588 462 2626 2.
482 2588 691 2636 Dixmude,
713 2588 806 2627 ville
825 2588 873 2627 de
890 2589 931 2626 la
947 2588 1116 2628 Flandre
1134 2589 1390 2630 occidentale.

426 2646 462 2684 3.
481 2644 520 2684 A
541 2657 607 2685 ces
631 2658 746 2685 noms
769 2658 826 2685 un
849 2647 1066 2686 manuscrit
1090 2647 1159 2686 des
1179 2649 1406 2697 Chroniquos
1424 2652 1468 2689 de
1486 2652 1644 2690 flandra
1660 2653 1787 2700 (heora

378 2710 411 2742 et
424 2709 614 2754 croniquos
623 2709 666 2744 de
678 2708 867 2751 Mandros,
883 2718 919 2756 p.
935 2707 1021 2756 232,
1033 2718 1074 2744 n.
1091 2708 1125 2754 ¹)
1139 2707 1271 2756 ajoute
1283 2720 1383 2747 ceux
1394 2710 1443 2749 de
1456 2711 1591 2749 Pistre
1601 2711 1652 2750 de
1663 2711 1783 2751 Gour-

379 2764 523 2812 tisaux,
543 2765 611 2802 des
631 2766 729 2803 sires
748 2765 795 2803 de
814 2766 986 2804 Fiennes
1003 2770 1044 2804 et
1061 2765 1109 2804 de
1128 2765 1274 2815 Renty.
