1838 3164
315 275 383 313 190
585 272 955 308 onnouonuaruu
981 271 1133 305 amun
1158 269 1438 305 ΜΟΟΙΙῙΙ.
1607 265 1707 314 [13ίὶ

312 354 596 420 aliquandiu,
625 352 795 402 ductus
812 357 886 401 est
908 369 934 400 a
954 350 1135 400 civibus
1154 350 1200 399 in
1225 349 1419 399 ecclesia
1442 348 1710 405 cathedrali.

313 431 392 481 ubi
417 431 465 480 in
487 445 648 496 regem
672 427 951 480 Lombardie
974 431 1322 477 coronaverunt
1344 441 1472 485 etim,
1492 431 1716 476 vocantes

312 524 420 557 eum
444 508 723 573 Augustum.

376 583 551 634 Deinde
581 599 669 633 rex
697 588 943 650 assumpto
975 581 1203 638 exercitu,
1237 579 1360 629 ultra
1392 578 1713 645 proficiscens,

311 659 498 711 obsedit
529 659 766 710 civitatem
794 661 1174 715 Cremonensem,
1202 673 1295 722 que
1323 655 1524 705 finaliter
1547 653 1716 705 tradita

310 743 411 797 est;
432 743 480 788 et
502 737 611 787 inde
630 754 745 787 vero
768 736 882 786 abiit
899 736 1146 786 obsessum
1170 733 1462 784 Brixiensem
1479 731 1716 782 civitatem

310 814 611 864 fortissimam
631 820 680 863 et
703 819 922 880 potenter
951 818 1201 870 muratam,
1229 826 1372 876 quam
1398 825 1571 875 magno
1598 814 1720 859 tem-

309 892 439 957 poris
469 891 627 958 spacio
660 890 927 940 fortissimis
956 887 1211 939 assuitibus
1239 886 1550 954 impugnavit.
1578 884 1720 952 Cujus

309 968 566 1018 obsidionis
593 967 752 1033 spacio
782 966 999 1024 durante,
1031 970 1263 1015 venerunt
1296 965 1509 1014 Pisenses
1541 963 1589 1013 in
1616 962 1718 1030 glo-

308 1061 494 1095 merosa
523 1043 819 1094 multitudine
852 1042 899 1092 in
930 1041 1153 1092 auxilium
1183 1041 1327 1108 regis.
1364 1041 1570 1091 Tandem
1603 1055 1719 1090 vero

307 1121 573 1171 Brixienses
610 1125 856 1170 cernentes
898 1136 950 1168 se
988 1117 1244 1168 imbecilles
1279 1116 1339 1167 ad
1380 1116 1715 1176 resistendum,

309 1197 538 1247 miserunt
563 1196 842 1263 legationem
861 1196 921 1246 ad
945 1210 1126 1262 regem,
1147 1199 1370 1261 rogantes
1387 1210 1443 1244 ea
1469 1210 1564 1260 que
1588 1192 1719 1260 pacis

308 1281 434 1324 sunt.
462 1274 655 1324 Interim
683 1290 873 1339 quoque
899 1277 1116 1323 mortuus
1139 1277 1213 1323 est
1237 1270 1451 1337 prefatus
1482 1269 1635 1321 Guido
1656 1269 1719 1321 de

307 1351 565 1411 Namurtio‚
586 1350 898 1401 consobrinus
915 1350 1060 1417 regis.
1083 1354 1150 1400 De
1164 1365 1261 1416 quo
1277 1348 1405 1399 idem
1424 1364 1510 1399 rex
1534 1354 1718 1399 tantum

306 1429 454 1478 doluit
483 1429 611 1495 quod
644 1428 726 1478 vix
755 1428 904 1478 voluit
935 1427 1147 1493 recipere
1184 1443 1352 1493 preces
1382 1425 1715 1476 Brixiensium.

305 1506 390 1565 Qui
410 1506 603 1571 quidem
617 1505 837 1564 finaliter,
858 1505 1008 1555 allatis
1024 1503 1236 1554 clavibus
1254 1509 1520 1570 portarum,
1539 1501 1720 1554 οιὼιιιί-

306 1589 468 1632 serunt
492 1599 543 1632 se
566 1583 793 1632 voluntati
819 1582 921 1648 ejus
945 1581 1234 1631 omnimode.

370 1663 471 1710 Rex
491 1665 668 1719 autem,
689 1675 779 1725 pro
797 1658 990 1708 introitu
1009 1658 1057 1707 in
1075 1658 1282 1717 civitate,
1305 1657 1454 1708 noluit
1474 1657 1564 1708 iter
1578 1671 1719 1708 suum

305 1735 546 1801 obliquare
585 1753 673 1802 per
709 1741 899 1802 portam
940 1734 1246 1792 divertendo,
1288 1734 1373 1784 sed
1410 1734 1572 1800 potius
1609 1733 1720 1784 fecit

305 1812 489 1878 impleri
526 1812 754 1862 fossatum
789 1818 839 1862 et
876 1811 1026 1878 frangi
1066 1827 1256 1861 murum
1293 1810 1384 1861 sibi
1422 1810 1715 1877 oppositum,

304 1889 566 1955 domosque
604 1890 811 1956 singulas
849 1889 950 1956 ejus
989 1894 1118 1939 recte
1156 1888 1231 1938 vie
1263 1888 1452 1938 obicem
1486 1892 1719 1953 ponentes

299 1967 438 2032 jussit
469 1967 707 2032 prosterni
735 1983 747 2015 ε
783 1966 852 2016 sic
886 1965 1044 2031 itaque
1076 1965 1318 2031 ingressus
1351 1971 1425 2015 est
1456 1964 1714 2022 civitatem,

303 2061 358 2093 ac
376 2044 475 2094 sine
493 2044 648 2110 aliqua
667 2043 846 2094 itineris
863 2042 1139 2108 obliquitate
1164 2042 1377 2108 perrexit
1399 2041 1460 2092 ad
1486 2041 1717 2107 palacium

303 2122 487 2171 suum¹.
515 2124 587 2170 Ex
612 2121 721 2170 hinc
744 2120 804 2170 ad
829 2119 1000 2179 Pisam,
1023 2119 1194 2169 urbem
1219 2119 1580 2178 nobilissimam,
1608 2135 1720 2185 per-

303 2198 443 2256 rexit,
471 2197 552 2247 ubi
578 2214 686 2247 cum
718 2197 924 2246 maxima
950 2196 1308 2246 honorificentia
1339 2196 1425 2246 fuit
1450 2196 1714 2262 receptus&

367 2275 544 2325 Deinde
585 2274 711 2340 oepit
755 2273 1001 2324 consilium
1046 2290 1154 2324 oum
1200 2273 1456 2323 Ghibelinis
1502 2273 1719 2339 ejusdem

304 2351 461 2411 urbis,
503 2351 705 2416 qualiter
742 2351 834 2400 iret
869 2354 1095 2405 Romam:
1134 2366 1245 2399 nam
1288 2349 1415 2415 apud
1458 2350 1716 2400 Bononiam

298 2429 397 2494 jam
420 2427 709 2477 advenerant
731 2427 828 2477 duo
846 2427 1124 2486 cardinale8‚
1145 2443 1267 2492 quos
1288 2427 1349 2476 ad
1374 2426 1714 2492 imponendum

303 2505 392 2554 sibi
412 2505 550 2571 hujus
568 2505 932 2554 consecrationis
955 2510 1004 2554 et
1021 2504 1337 2553 coronationis
1356 2504 1571 2570 insignia,
1590 2506 1714 2569 Papa

354 2636 387 2671 1.
410 2634 516 2671 Pour
535 2634 592 2672 les
611 2633 750 2672 details
772 2633 840 2672 des
860 2633 987 2682 sieges
1004 2632 1052 2670 de
1070 2633 1262 2671 Cremone
1281 2639 1321 2671 et
1338 2633 1386 2671 de
1405 2632 1583 2680 Bremia,
1601 2643 1652 2670 on
1672 2643 1715 2670 se

308 2698 506 2740 reportera
523 2693 546 2730 ὲ
566 2693 757 2731 Muratori
778 2694 820 2735 (ι.
840 2693 917 2740 IX,
936 2692 1011 2730 col.
1033 2692 1125 2731 1068
1143 2692 1168 2729 εὶ
1189 2693 1273 2731 1081
1298 2698 1338 2730 et
1356 2692 1448 2731 1255
1466 2692 1491 2730 a
1510 2691 1627 2735 ¹26⁰).

353 2752 389 2789 2.
410 2751 470 2789 Cf.
492 2752 697 2800 Muratori,
717 2759 746 2790 t.
766 2752 844 2799 IX,
864 2752 938 2791 col.
960 2751 1052 2790 1095
1070 2757 1110 2789 et
1130 2751 1234 2790 1263.
