1838 3164
116 292 221 340 1320]
391 297 762 332 cunonocmnu
786 297 940 331 uum!
962 297 1242 331 chonuu.
1442 294 1513 332 247

177 379 394 426 Preterea
413 377 828 435 conestabularius,
849 377 1050 427 multum
1073 379 1219 428 iratus
1242 382 1406 428 contra
1428 378 1515 429 do-

113 454 292 503 minum
310 454 370 503 de
389 455 600 513 Fiennes,
621 454 800 504 ratione
819 454 1056 519 jamdicta,
1077 462 1360 521 congregato
1378 471 1514 506 exer-

113 530 207 580 citu
239 547 411 597 magno
443 531 502 580 de
534 531 708 596 Lingua
737 530 954 580 Occitana
983 536 1032 579 et
1060 531 1120 580 de
1150 532 1342 581 Francia
1370 549 1425 581 ac
1453 532 1513 582 de

113 608 386 672 parentibus
404 608 518 666 suis,
539 607 667 656 venit
684 606 742 656 ad
765 609 985 656 Sanctum
1003 607 1323 658 Audomarum
1340 615 1389 658 et
1405 609 1513 658 inde

110 684 224 733 abiit
259 685 506 734 obsessum
539 699 684 733 unum
717 689 924 733 castrum
957 684 1198 749 pertinens
1230 684 1423 734 domino
1453 685 1513 735 de

110 760 331 819 Fiennes,
372 760 558 809 nomine
594 759 942 826 Tingriacum¹;
978 775 1076 825 quo
1113 760 1309 810 obsesso
1347 760 1513 811 diebus

108 841 233 895 octe,
256 835 479 886 traditum
503 841 576 885 est
600 835 707 894 sibi,
728 835 888 902 ibique
912 842 1078 902 captus
1098 842 1171 886 est
1195 836 1429 888 Robertus
1452 838 1512 887 de

108 913 304 962 Fiennes
326 917 375 961 et
397 912 611 972 Matildis,
641 929 780 962 soror
802 913 920 980 ejus,
948 914 1030 979 qui
1053 913 1212 963 traditi
1236 919 1346 964 sunt
1368 914 1514 964 comi-

107 987 220 1038 tisse
243 987 450 1038 Bolonie.

171 1064 477 1114 Postmodum
506 1071 681 1124 autem,
715 1065 906 1115 castello
935 1070 1174 1131 prostrato
1204 1072 1253 1115 et
1282 1065 1509 1125 desolato,

106 1141 505 1192 conestabularius
538 1142 674 1192 duxit
715 1142 974 1192 exercitum
1013 1158 1151 1192 suum
1189 1142 1250 1192 ad
1291 1142 1513 1193 Fiennes⁸

107 1218 260 1284 prima
284 1218 399 1267 facie
417 1224 465 1267 et
482 1218 607 1284 cepit
630 1226 861 1274 castrum;
888 1235 985 1285 quo
1002 1218 1150 1269 eciam
1167 1219 1360 1269 omnino
1378 1237 1514 1286 pros-

105 1299 246 1354 trato,
268 1310 490 1344 reversus
513 1301 586 1344 est
603 1294 663 1345 ad
688 1297 910 1345 Sanctum
930 1295 1270 1355 Audomarum,
1291 1297 1513 1348 estimans

104 1371 232 1436 quod
257 1370 367 1420 dicti
393 1371 589 1420 federati
613 1372 828 1421 venirent
857 1371 917 1422 ad
949 1373 1282 1438 postulandum
1307 1373 1509 1431 veniam,

104 1448 184 1514 qui
206 1453 364 1497 tamen
389 1447 479 1497 hoc
504 1448 657 1497 facere
682 1465 776 1498 non
801 1448 1149 1498 intendebant³.

168 1525 574 1576 Conestabularius
591 1542 706 1592 ergo
722 1526 916 1576 audiens
934 1526 1256 1592 predictorum
1281 1528 1512 1579 federato-

103 1619 209 1652 rum
229 1602 609 1662 obstinationem,
631 1603 836 1653 adunato
854 1604 1043 1653 noviter
1064 1604 1275 1654 exercitu
1296 1605 1507 1672 copioso,

103 1680 150 1728 in
169 1696 264 1744 quo
283 1685 417 1728 erant
435 1680 595 1744 plures
619 1680 776 1745 magni
794 1680 903 1738 viri,
928 1680 1142 1730 videlicet
1164 1681 1260 1731 duo
1283 1682 1367 1731 filii
1389 1683 1507 1749 ejus,

103 1757 354 1808 Galcherus
389 1762 438 1806 et
470 1757 723 1815 Johnnnes,
753 1773 809 1806 ac
837 1757 1033 1806 comites
1062 1758 1205 1824 Augi,
1238 1758 1507 1818 Albemalle,

102 1833 307 1885 Russiaci
326 1871 338 1890 ,
384 1833 604 1883 dominus
648 1833 891 1884 Couchiaci
927 1840 978 1884 et
1017 1838 1331 1901 lngerrannus
1367 1835 1512 1886 frater

101 1911 220 1978 ejus,
237 1910 333 1960 duo
347 1910 605 1961 marescalli
621 1911 830 1968 Francie,
853 1910 1027 1961 scilicet
1043 1912 1251 1961 Mattheus
1265 1911 1326 1961 de
1344 1913 1449 1962 Tria
1464 1920 1512 1962 et

101 1986 269 2038 Strabo
291 1985 352 2035 de
376 1985 551 2044 Barris‚
580 1989 716 2052 Hugo
739 1985 799 2035 de
825 1987 995 2035 Sancto
1019 1986 1177 2043 Paulo,
1205 1986 1426 2038 dominus
1449 1987 1510 2040 de
1603 1980 1606 1982 ¹

102 2067 267 2120 Leuza‚
289 2062 349 2111 de
368 2062 580 2113 Condeto
597 2078 742 2128 super
766 2062 1003 2120 Scaldum,
1028 2062 1249 2113 dominus
1270 2063 1331 2114 de
1348 2065 1506 2123 Linea,

102 2138 400 2190 marescallus
428 2139 660 2196 Hanonie;
698 2145 746 2188 et
782 2139 929 2188 eciam
966 2139 1027 2188 de
1062 2139 1238 2206 Lingua
1271 2141 1506 2200 Occitana,

101 2220 266 2267 Petrus
283 2215 344 2266 de
367 2214 599 2266 Gaillardo
623 2221 671 2265 et
694 2216 888 2265 comites
912 2215 972 2265 de
997 2218 1153 2265 Strato
1177 2222 1224 2266 et
1243 2216 1303 2266 de
1321 2217 1507 2267 Milaon

101 2300 148 2343 et
165 2291 447 2358 Reginaldus
458 2290 519 2341 de
537 2291 807 2350 Pontibus⁴,
829 2308 937 2340 cum
954 2292 1055 2343 aliis
1073 2292 1232 2343 multis
1250 2292 1504 2352 nobilibus,

150 2425 182 2461 ¹.
205 2422 366 2471 Tingi-y,
382 2421 690 2471 paeda-calais,
703 2423 1035 2463 arrondissement
1046 2423 1094 2462 de
1109 2424 1507 2474 Boulogns-sur-Mer,

102 2486 246 2519 canton
265 2481 313 2518 de
333 2481 483 2519 Samot.

147 2538 183 2577 2.
205 2539 262 2578 Ct'.
284 2540 488 2579 Ano-‘onnes
505 2541 724 2590 chronique-c
741 2543 784 2580 do
810 2543 970 2580 mandra
988 2542 1139 2590 (Hister.
1157 2544 1201 2581 do
1220 2544 1297 2588 ἢ..
1319 2547 1349 2581 t.
1369 2541 1507 2590 XXII,

102 2609 139 2646 p.
159 2598 226 2636 ⁴11
249 2603 289 2637 et
308 2603 400 2638 noto
418 2600 468 2645 4).

149 2657 185 2694 3.
207 2657 391 2704 Fiennes,
418 2657 730 2707 Pas-dannaia,
757 2659 1089 2699 arrondissemaut
1118 2660 1166 2699 de
1196 2660 1506 2709 Boulogns-sur-

103 2714 202 2760 Mer,
217 2720 361 2753 canton
379 2714 427 2753 de
445 2715 608 2755 Guinee.

148 2774 183 2810 4.
207 2773 314 2812 Getta
335 2774 620 2823 enumeration,
639 2777 704 2825 qui
724 2787 892 2826 manque
912 2777 1010 2816 dans
1030 2778 1067 2815 la
1085 2778 1238 2827 plupart
1257 2777 1325 2817 des
1343 2788 1504 2817 manus-
