<?xml version="1.0" encoding="UTF-8"?>
<!DOCTYPE html PUBLIC "-//W3C//DTD XHTML 1.0 Transitional//EN"
    "http://www.w3.org/TR/xhtml1/DTD/xhtml1-transitional.dtd">
<html xmlns="http://www.w3.org/1999/xhtml" xml:lang="en" lang="en">
 <head>
  <title>
</title>
<meta http-equiv="Content-Type" content="text/html;charset=utf-8" />
  <meta name='ocr-system' content='tesseract 3.04.00' />
  <meta name='ocr-capabilities' content='ocr_page ocr_carea ocr_par ocr_line ocrx_word'/>
</head>
<body>
  <div class='ocr_page' id='page_1' title='image "./chronographiareg01mora_0266.png"; bbox 0 0 1838 3164; ppageno 0'>
   <div class='ocr_carea' id='block_1_1' title="bbox 332 265 1725 314">
    <p class='ocr_par' dir='ltr' id='par_1_1' title="bbox 332 265 1725 314">
     <span class='ocr_line' id='line_1_1' title="bbox 332 265 1725 314; baseline -0.001 -9"><span class='ocrx_word' id='word_1_1' title='bbox 332 267 396 305; x_wconf 73' lang='lat'><strong>254</strong></span> <span class='ocrx_word' id='word_1_2' title='bbox 602 269 970 302; x_wconf 69' lang='lat' dir='ltr'><strong>cunouomuruu</strong></span> <span class='ocrx_word' id='word_1_3' title='bbox 999 269 1149 302; x_wconf 71' lang='lat' dir='ltr'><strong>amun</strong></span> <span class='ocrx_word' id='word_1_4' title='bbox 1176 268 1453 303; x_wconf 69' lang='lat' dir='ltr'><strong>mucowu.</strong></span> <span class='ocrx_word' id='word_1_5' title='bbox 1624 267 1636 314; x_wconf 83' lang='lat'>[</span> <span class='ocrx_word' id='word_1_6' title='bbox 1643 265 1725 304; x_wconf 75' lang='lat'>¹³²¹</span> 
     </span>
    </p>
   </div>
   <div class='ocr_carea' id='block_1_2' title="bbox 312 340 1732 2784">
    <p class='ocr_par' dir='ltr' id='par_1_2' title="bbox 332 340 1732 699">
     <span class='ocr_line' id='line_1_2' title="bbox 399 340 1729 399; baseline 0.003 -11"><span class='ocrx_word' id='word_1_7' title='bbox 399 362 420 388; x_wconf 73' lang='grc' dir='ltr'>ι</span> <span class='ocrx_word' id='word_1_8' title='bbox 451 342 699 399; x_wconf 83' lang='lat' dir='ltr'><strong>Robertus‚</strong></span> <span class='ocrx_word' id='word_1_9' title='bbox 722 357 880 390; x_wconf 76' lang='lat' dir='ltr'><strong>eomes</strong></span> <span class='ocrx_word' id='word_1_10' title='bbox 898 340 1126 399; x_wconf 82' lang='lat' dir='ltr'><strong>Flandrie,</strong></span> <span class='ocrx_word' id='word_1_11' title='bbox 1151 341 1401 392; x_wconf 73' lang='lat' dir='ltr'><strong>castellano</strong></span> <span class='ocrx_word' id='word_1_12' title='bbox 1419 343 1566 392; x_wconf 68' lang='lat' dir='ltr'><strong>nostri</strong></span> <span class='ocrx_word' id='word_1_13' title='bbox 1590 344 1729 393; x_wconf 68' lang='lat' dir='ltr'><strong>castri</strong></span> 
     </span>
     <span class='ocr_line' id='line_1_3' title="bbox 334 417 1727 484; baseline 0.004 -20"><span class='ocrx_word' id='word_1_14' title='bbox 334 439 353 464; x_wconf 76' lang='grc' dir='ltr'>ι</span> <span class='ocrx_word' id='word_1_15' title='bbox 385 418 543 469; x_wconf 82' lang='lat' dir='ltr'><strong>Viane.</strong></span> <span class='ocrx_word' id='word_1_16' title='bbox 588 417 860 467; x_wconf 77' lang='lat' dir='ltr'><strong>Mandamua</strong></span> <span class='ocrx_word' id='word_1_17' title='bbox 896 418 1032 468; x_wconf 79' lang='lat' dir='ltr'><strong>vobis</strong></span> <span class='ocrx_word' id='word_1_18' title='bbox 1069 418 1221 483; x_wconf 89' lang='lat' dir='ltr'><strong>quod,</strong></span> <span class='ocrx_word' id='word_1_19' title='bbox 1262 417 1375 467; x_wconf 66' lang='lat' dir='ltr'><strong>vicia</strong></span> <span class='ocrx_word' id='word_1_20' title='bbox 1413 418 1727 484; x_wconf 65' lang='lat' dir='ltr'><strong>presentibus,</strong></span> 
     </span>
     <span class='ocr_line' id='line_1_4' title="bbox 332 493 1727 560; baseline 0.002 -19"><span class='ocrx_word' id='word_1_21' title='bbox 332 514 352 539; x_wconf 83' lang='lat'>‹</span> <span class='ocrx_word' id='word_1_22' title='bbox 384 493 572 543; x_wconf 86' lang='lat' dir='ltr'><strong>indilate</strong></span> <span class='ocrx_word' id='word_1_23' title='bbox 597 494 773 544; x_wconf 75' lang='lat' dir='ltr'><strong>faciatis</strong></span> <span class='ocrx_word' id='word_1_24' title='bbox 785 494 1018 560; x_wconf 80' lang='lat' dir='ltr'><strong>amputari</strong></span> <span class='ocrx_word' id='word_1_25' title='bbox 1035 501 1175 560; x_wconf 86' lang='lat' dir='ltr'><strong>caput</strong></span> <span class='ocrx_word' id='word_1_26' title='bbox 1199 493 1438 551; x_wconf 85' lang='lat' dir='ltr'><strong>Ludovioi,</strong></span> <span class='ocrx_word' id='word_1_27' title='bbox 1459 494 1539 544; x_wconf 87' lang='lat' dir='ltr'><strong>fllii</strong></span> <span class='ocrx_word' id='word_1_28' title='bbox 1561 496 1727 544; x_wconf 67' lang='lat' dir='ltr'><strong>nostri.</strong></span> 
     </span>
     <span class='ocr_line' id='line_1_5' title="bbox 333 571 1732 636; baseline 0.004 -19"><span class='ocrx_word' id='word_1_29' title='bbox 333 591 353 617; x_wconf 77' lang='grc' dir='ltr'>ι</span> <span class='ocrx_word' id='word_1_30' title='bbox 384 572 517 631; x_wconf 86' lang='lat' dir='ltr'><strong>Quod</strong></span> <span class='ocrx_word' id='word_1_31' title='bbox 543 571 582 620; x_wconf 82' lang='lat' dir='ltr'><strong>si</strong></span> <span class='ocrx_word' id='word_1_32' title='bbox 608 588 700 621; x_wconf 91' lang='lat' dir='ltr'><strong>non</strong></span> <span class='ocrx_word' id='word_1_33' title='bbox 724 572 817 622; x_wconf 85' lang='lat' dir='ltr'><strong>cito</strong></span> <span class='ocrx_word' id='word_1_34' title='bbox 846 571 1066 629; x_wconf 76' lang='lat' dir='ltr'><strong>feceritis,</strong></span> <span class='ocrx_word' id='word_1_35' title='bbox 1095 572 1251 621; x_wconf 79' lang='lat' dir='ltr'><strong>statim</strong></span> <span class='ocrx_word' id='word_1_36' title='bbox 1282 571 1566 636; x_wconf 71' lang='lat' dir='ltr'>accipiemus</span> <span class='ocrx_word' id='word_1_37' title='bbox 1596 571 1732 622; x_wconf 79' lang='lat' dir='ltr'><strong>ultio-</strong></span> 
     </span>
     <span class='ocr_line' id='line_1_6' title="bbox 332 648 797 699; baseline 0.006 -5"><span class='ocrx_word' id='word_1_38' title='bbox 332 667 353 694; x_wconf 79' lang='grc' dir='ltr'>ι</span> <span class='ocrx_word' id='word_1_39' title='bbox 382 664 491 698; x_wconf 92' lang='lat' dir='ltr'><strong>nem</strong></span> <span class='ocrx_word' id='word_1_40' title='bbox 515 649 562 698; x_wconf 91' lang='lat' dir='ltr'><strong>in</strong></span> <span class='ocrx_word' id='word_1_41' title='bbox 587 648 740 699; x_wconf 77' lang='lat' dir='ltr'><strong>vobis.</strong></span> <span class='ocrx_word' id='word_1_42' title='bbox 775 668 797 697; x_wconf 68' lang='grc' dir='ltr'><strong>ι</strong></span> 
     </span>
    </p>

    <p class='ocr_par' dir='ltr' id='par_1_3' title="bbox 320 724 1732 1096">
     <span class='ocr_line' id='line_1_7' title="bbox 392 724 1732 791; baseline 0.001 -17"><span class='ocrx_word' id='word_1_43' title='bbox 392 728 450 774; x_wconf 85' lang='lat' dir='ltr'><strong>Et</strong></span> <span class='ocrx_word' id='word_1_44' title='bbox 473 724 601 774; x_wconf 84' lang='lat' dir='ltr'><strong>venit</strong></span> <span class='ocrx_word' id='word_1_45' title='bbox 626 724 750 775; x_wconf 88' lang='lat' dir='ltr'><strong>idem</strong></span> <span class='ocrx_word' id='word_1_46' title='bbox 782 725 1018 776; x_wconf 79' lang='lat' dir='ltr'><strong>Robertus</strong></span> <span class='ocrx_word' id='word_1_47' title='bbox 1048 724 1106 774; x_wconf 89' lang='lat' dir='ltr'><strong>ad</strong></span> <span class='ocrx_word' id='word_1_48' title='bbox 1138 725 1439 791; x_wconf 77' lang='lat' dir='ltr'><strong>sigillatorem</strong></span> <span class='ocrx_word' id='word_1_49' title='bbox 1469 724 1654 775; x_wconf 70' lang='lat' dir='ltr'><strong>comitio</strong></span> <span class='ocrx_word' id='word_1_50' title='bbox 1683 731 1732 775; x_wconf 78' lang='lat' dir='ltr'><strong>et</strong></span> 
     </span>
     <span class='ocr_line' id='line_1_8' title="bbox 320 801 1732 867; baseline 0.001 -16"><span class='ocrx_word' id='word_1_51' title='bbox 320 801 459 867; x_wconf 75' lang='lat' dir='ltr'><strong>Jussit</strong></span> <span class='ocrx_word' id='word_1_52' title='bbox 485 801 526 850; x_wconf 90' lang='lat' dir='ltr'><strong>ei</strong></span> <span class='ocrx_word' id='word_1_53' title='bbox 551 801 678 866; x_wconf 90' lang='lat' dir='ltr'><strong>quod</strong></span> <span class='ocrx_word' id='word_1_54' title='bbox 704 802 905 867; x_wconf 81' lang='lat' dir='ltr'><strong>sigillum</strong></span> <span class='ocrx_word' id='word_1_55' title='bbox 930 802 1114 851; x_wconf 82' lang='lat' dir='ltr'><strong>comitis</strong></span> <span class='ocrx_word' id='word_1_56' title='bbox 1138 801 1276 851; x_wconf 82' lang='lat' dir='ltr'><strong>diotia</strong></span> <span class='ocrx_word' id='word_1_57' title='bbox 1301 801 1466 851; x_wconf 69' lang='lat' dir='ltr'><strong>litteris</strong></span> <span class='ocrx_word' id='word_1_58' title='bbox 1490 801 1732 867; x_wconf 79' lang='lat' dir='ltr'><strong>imprime-</strong></span> 
     </span>
     <span class='ocr_line' id='line_1_9' title="bbox 326 878 1732 945; baseline 0.001 -18"><span class='ocrx_word' id='word_1_59' title='bbox 326 885 426 935; x_wconf 84' lang='lat' dir='ltr'><strong>ret;</strong></span> <span class='ocrx_word' id='word_1_60' title='bbox 447 878 524 943; x_wconf 92' lang='lat' dir='ltr'><strong>qui</strong></span> <span class='ocrx_word' id='word_1_61' title='bbox 547 895 748 928; x_wconf 83' lang='lat' dir='ltr'><strong>renuens</strong></span> <span class='ocrx_word' id='word_1_62' title='bbox 766 880 855 928; x_wconf 87' lang='lat' dir='ltr'><strong>hoc</strong></span> <span class='ocrx_word' id='word_1_63' title='bbox 874 878 1025 928; x_wconf 79' lang='lat' dir='ltr'><strong>faeere</strong></span> <span class='ocrx_word' id='word_1_64' title='bbox 1044 879 1143 928; x_wconf 77' lang='lat' dir='ltr'><strong>sine</strong></span> <span class='ocrx_word' id='word_1_65' title='bbox 1156 879 1290 945; x_wconf 78' lang='lat' dir='ltr'><strong>jussu</strong></span> <span class='ocrx_word' id='word_1_66' title='bbox 1309 879 1511 938; x_wconf 74' lang='lat' dir='ltr'><strong>comitia,</strong></span> <span class='ocrx_word' id='word_1_67' title='bbox 1534 878 1732 945; x_wconf 79' lang='lat' dir='ltr'><strong>projecit</strong></span> 
     </span>
     <span class='ocr_line' id='line_1_10' title="bbox 325 954 1726 1022; baseline 0.002 -19"><span class='ocrx_word' id='word_1_68' title='bbox 325 955 525 1021; x_wconf 82' lang='lat' dir='ltr'><strong>sigillum</strong></span> <span class='ocrx_word' id='word_1_69' title='bbox 556 955 615 1004; x_wconf 86' lang='lat' dir='ltr'><strong>ad</strong></span> <span class='ocrx_word' id='word_1_70' title='bbox 647 954 793 1020; x_wconf 80' lang='lat' dir='ltr'><strong>pedes</strong></span> <span class='ocrx_word' id='word_1_71' title='bbox 816 954 925 1004; x_wconf 87' lang='lat' dir='ltr'><strong>dicti</strong></span> <span class='ocrx_word' id='word_1_72' title='bbox 952 955 1162 1012; x_wconf 86' lang='lat' dir='ltr'><strong>Roberti,</strong></span> <span class='ocrx_word' id='word_1_73' title='bbox 1189 956 1269 1021; x_wconf 85' lang='lat' dir='ltr'><strong>qui</strong></span> <span class='ocrx_word' id='word_1_74' title='bbox 1293 955 1484 1021; x_wconf 75' lang='lat' dir='ltr'><strong>capiens</strong></span> <span class='ocrx_word' id='word_1_75' title='bbox 1507 954 1726 1022; x_wconf 73' lang='lat' dir='ltr'><strong>sigillum,</strong></span> 
     </span>
     <span class='ocr_line' id='line_1_11' title="bbox 325 1030 1254 1096; baseline 0.002 -18"><span class='ocrx_word' id='word_1_76' title='bbox 325 1030 539 1096; x_wconf 81' lang='lat' dir='ltr'><strong>sigillavit</strong></span> <span class='ocrx_word' id='word_1_77' title='bbox 563 1030 740 1080; x_wconf 79' lang='lat' dir='ltr'><strong>litteras</strong></span> <span class='ocrx_word' id='word_1_78' title='bbox 763 1036 811 1079; x_wconf 89' lang='lat' dir='ltr'><strong>et</strong></span> <span class='ocrx_word' id='word_1_79' title='bbox 836 1030 962 1080; x_wconf 79' lang='lat' dir='ltr'><strong>misit</strong></span> <span class='ocrx_word' id='word_1_80' title='bbox 986 1030 1254 1080; x_wconf 80' lang='lat' dir='ltr'><strong>castellano.</strong></span> 
     </span>
    </p>

    <p class='ocr_par' dir='ltr' id='par_1_4' title="bbox 319 1107 1732 1932">
     <span class='ocr_line' id='line_1_12' title="bbox 389 1107 1731 1166; baseline 0.002 -10"><span class='ocrx_word' id='word_1_81' title='bbox 389 1107 672 1157; x_wconf 82' lang='lat' dir='ltr'><strong>Castellanua</strong></span> <span class='ocrx_word' id='word_1_82' title='bbox 701 1114 875 1166; x_wconf 87' lang='lat' dir='ltr'><strong>autem,</strong></span> <span class='ocrx_word' id='word_1_83' title='bbox 907 1108 1021 1157; x_wconf 79' lang='lat' dir='ltr'><strong>visis</strong></span> <span class='ocrx_word' id='word_1_84' title='bbox 1052 1108 1237 1165; x_wconf 79' lang='lat' dir='ltr'><strong>litteris,</strong></span> <span class='ocrx_word' id='word_1_85' title='bbox 1270 1107 1386 1157; x_wconf 88' lang='lat' dir='ltr'><strong>abiit</strong></span> <span class='ocrx_word' id='word_1_86' title='bbox 1417 1107 1476 1157; x_wconf 84' lang='lat' dir='ltr'><strong>ad</strong></span> <span class='ocrx_word' id='word_1_87' title='bbox 1509 1108 1731 1159; x_wconf 81' lang='lat' dir='ltr'><strong>comitem</strong></span> 
     </span>
     <span class='ocr_line' id='line_1_13' title="bbox 323 1183 1732 1242; baseline 0.003 -11"><span class='ocrx_word' id='word_1_88' title='bbox 323 1183 656 1234; x_wconf 79' lang='lat' dir='ltr'><strong>Nivernensem</strong></span> <span class='ocrx_word' id='word_1_89' title='bbox 681 1190 729 1233; x_wconf 90' lang='lat' dir='ltr'><strong>et</strong></span> <span class='ocrx_word' id='word_1_90' title='bbox 752 1184 869 1234; x_wconf 87' lang='lat' dir='ltr'><strong>dixit</strong></span> <span class='ocrx_word' id='word_1_91' title='bbox 890 1184 933 1233; x_wconf 93' lang='lat' dir='ltr'><strong>ei</strong></span> <span class='ocrx_word' id='word_1_92' title='bbox 962 1203 971 1232; x_wconf 95' lang='lat'>:</span> <span class='ocrx_word' id='word_1_93' title='bbox 1000 1204 1021 1230; x_wconf 74' lang='grc' dir='ltr'><strong><em>ι</em></strong></span> <span class='ocrx_word' id='word_1_94' title='bbox 1047 1185 1257 1242; x_wconf 88' lang='lat' dir='ltr'><strong>Domine,</strong></span> <span class='ocrx_word' id='word_1_95' title='bbox 1281 1184 1479 1234; x_wconf 87' lang='lat' dir='ltr'><strong>multum</strong></span> <span class='ocrx_word' id='word_1_96' title='bbox 1501 1200 1578 1234; x_wconf 91' lang='lat' dir='ltr'><strong>me</strong></span> <span class='ocrx_word' id='word_1_97' title='bbox 1601 1184 1732 1236; x_wconf 80' lang='lat' dir='ltr'><strong>tedet</strong></span> 
     </span>
     <span class='ocr_line' id='line_1_14' title="bbox 327 1259 1731 1327; baseline 0.003 -20"><span class='ocrx_word' id='word_1_98' title='bbox 327 1278 347 1305; x_wconf 72' lang='grc' dir='ltr'>ι</span> <span class='ocrx_word' id='word_1_99' title='bbox 379 1259 438 1308; x_wconf 92' lang='lat' dir='ltr'><strong>de</strong></span> <span class='ocrx_word' id='word_1_100' title='bbox 468 1260 556 1309; x_wconf 89' lang='lat' dir='ltr'><strong>hoc</strong></span> <span class='ocrx_word' id='word_1_101' title='bbox 581 1260 709 1325; x_wconf 90' lang='lat' dir='ltr'><strong>quod</strong></span> <span class='ocrx_word' id='word_1_102' title='bbox 742 1261 879 1310; x_wconf 86' lang='lat' dir='ltr'><strong>michi</strong></span> <span class='ocrx_word' id='word_1_103' title='bbox 912 1261 1168 1327; x_wconf 82' lang='lat' dir='ltr'><strong>injunctum</strong></span> <span class='ocrx_word' id='word_1_104' title='bbox 1199 1268 1296 1319; x_wconf 65' lang='grc' dir='ltr'><strong>θοις</strong></span> <span class='ocrx_word' id='word_1_105' title='bbox 1326 1261 1522 1311; x_wconf 76' lang='lat' dir='ltr'><strong>videatis</strong></span> <span class='ocrx_word' id='word_1_106' title='bbox 1552 1261 1731 1312; x_wconf 66' lang='lat' dir='ltr'><strong>litteras</strong></span> 
     </span>
     <span class='ocr_line' id='line_1_15' title="bbox 325 1336 1731 1401; baseline 0.005 -19"><span class='ocrx_word' id='word_1_107' title='bbox 325 1355 345 1381; x_wconf 75' lang='grc' dir='ltr'>ι</span> <span class='ocrx_word' id='word_1_108' title='bbox 378 1337 525 1401; x_wconf 83' lang='lat' dir='ltr'><strong>patris</strong></span> <span class='ocrx_word' id='word_1_109' title='bbox 550 1336 693 1386; x_wconf 88' lang='lat' dir='ltr'><strong>vestri</strong></span> <span class='ocrx_word' id='word_1_110' title='bbox 719 1337 858 1386; x_wconf 85' lang='lat' dir='ltr'><strong>miehi</strong></span> <span class='ocrx_word' id='word_1_111' title='bbox 884 1337 1200 1387; x_wconf 74' lang='lat' dir='ltr'><strong>transmissas.</strong></span> <span class='ocrx_word' id='word_1_112' title='bbox 1234 1357 1256 1384; x_wconf 67' lang='grc' dir='ltr'>ι</span> <span class='ocrx_word' id='word_1_113' title='bbox 1288 1338 1370 1388; x_wconf 87' lang='lat' dir='ltr'><strong>Cui</strong></span> <span class='ocrx_word' id='word_1_114' title='bbox 1394 1354 1571 1396; x_wconf 72' lang='lat' dir='ltr'><strong>eomes,</strong></span> <span class='ocrx_word' id='word_1_115' title='bbox 1600 1337 1731 1389; x_wconf 67' lang='lat' dir='ltr'><strong>lectis</strong></span> 
     </span>
     <span class='ocr_line' id='line_1_16' title="bbox 321 1411 1731 1480; baseline 0.003 -20"><span class='ocrx_word' id='word_1_116' title='bbox 321 1411 503 1470; x_wconf 88' lang='lat' dir='ltr'><strong>litteris,</strong></span> <span class='ocrx_word' id='word_1_117' title='bbox 531 1412 650 1462; x_wconf 83' lang='lat' dir='ltr'><strong>dixit</strong></span> <span class='ocrx_word' id='word_1_118' title='bbox 677 1431 686 1461; x_wconf 77' lang='grc' dir='ltr'>ε</span> <span class='ocrx_word' id='word_1_119' title='bbox 717 1433 738 1459; x_wconf 86' lang='lat'><strong>‹</strong></span> <span class='ocrx_word' id='word_1_120' title='bbox 769 1416 869 1462; x_wconf 84' lang='lat' dir='ltr'><strong>Non</strong></span> <span class='ocrx_word' id='word_1_121' title='bbox 892 1413 1021 1463; x_wconf 76' lang='lat' dir='ltr'><strong>scitia</strong></span> <span class='ocrx_word' id='word_1_122' title='bbox 1047 1415 1152 1478; x_wconf 70' lang='lat' dir='ltr'><strong>(cio)</strong></span> <span class='ocrx_word' id='word_1_123' title='bbox 1180 1413 1227 1463; x_wconf 90' lang='lat' dir='ltr'><strong>in</strong></span> <span class='ocrx_word' id='word_1_124' title='bbox 1251 1413 1342 1463; x_wconf 87' lang='lat' dir='ltr'><strong>hoc</strong></span> <span class='ocrx_word' id='word_1_125' title='bbox 1372 1414 1585 1474; x_wconf 71' lang='lat' dir='ltr'><strong>festinus,</strong></span> <span class='ocrx_word' id='word_1_126' title='bbox 1612 1431 1731 1480; x_wconf 77' lang='lat' dir='ltr'><strong>quo·</strong></span> 
     </span>
     <span class='ocr_line' id='line_1_17' title="bbox 324 1489 1724 1557; baseline 0.001 -20"><span class='ocrx_word' id='word_1_127' title='bbox 324 1508 344 1535; x_wconf 85' lang='lat'><strong>‹</strong></span> <span class='ocrx_word' id='word_1_128' title='bbox 374 1489 499 1538; x_wconf 87' lang='lat' dir='ltr'><strong>niam</strong></span> <span class='ocrx_word' id='word_1_129' title='bbox 527 1490 695 1539; x_wconf 81' lang='lat' dir='ltr'><strong>estimo</strong></span> <span class='ocrx_word' id='word_1_130' title='bbox 719 1496 902 1556; x_wconf 86' lang='lat' dir='ltr'><strong>patrem</strong></span> <span class='ocrx_word' id='word_1_131' title='bbox 926 1506 1085 1540; x_wconf 90' lang='lat' dir='ltr'><strong>meum</strong></span> <span class='ocrx_word' id='word_1_132' title='bbox 1109 1491 1199 1540; x_wconf 85' lang='lat' dir='ltr'><strong>hoc</strong></span> <span class='ocrx_word' id='word_1_133' title='bbox 1223 1490 1409 1556; x_wconf 70' lang='lat' dir='ltr'><strong>penitus</strong></span> <span class='ocrx_word' id='word_1_134' title='bbox 1432 1490 1671 1557; x_wconf 80' lang='lat' dir='ltr'><strong>ignorare.</strong></span> <span class='ocrx_word' id='word_1_135' title='bbox 1702 1510 1724 1539; x_wconf 73' lang='grc' dir='ltr'><strong>ι</strong></span> 
     </span>
     <span class='ocr_line' id='line_1_18' title="bbox 319 1564 1731 1632; baseline 0.004 -19"><span class='ocrx_word' id='word_1_136' title='bbox 319 1564 445 1614; x_wconf 86' lang='lat' dir='ltr'><strong>Dixit</strong></span> <span class='ocrx_word' id='word_1_137' title='bbox 465 1566 505 1614; x_wconf 90' lang='lat' dir='ltr'><strong>ei</strong></span> <span class='ocrx_word' id='word_1_138' title='bbox 530 1566 806 1615; x_wconf 76' lang='lat' dir='ltr'><strong>castellanus</strong></span> <span class='ocrx_word' id='word_1_139' title='bbox 828 1584 839 1614; x_wconf 90' lang='lat'>:</span> <span class='ocrx_word' id='word_1_140' title='bbox 873 1586 895 1613; x_wconf 83' lang='lat'><strong>‹</strong></span> <span class='ocrx_word' id='word_1_141' title='bbox 919 1569 1091 1616; x_wconf 83' lang='lat' dir='ltr'><strong>Amore</strong></span> <span class='ocrx_word' id='word_1_142' title='bbox 1115 1567 1258 1616; x_wconf 78' lang='lat' dir='ltr'><strong>vestri</strong></span> <span class='ocrx_word' id='word_1_143' title='bbox 1285 1566 1494 1632; x_wconf 82' lang='lat' dir='ltr'><strong>periculo</strong></span> <span class='ocrx_word' id='word_1_144' title='bbox 1515 1583 1594 1618; x_wconf 82' lang='lat' dir='ltr'><strong>me</strong></span> <span class='ocrx_word' id='word_1_145' title='bbox 1618 1565 1731 1618; x_wconf 76' lang='lat' dir='ltr'><strong>eub-</strong></span> 
     </span>
     <span class='ocr_line' id='line_1_19' title="bbox 323 1642 1730 1709; baseline 0.004 -20"><span class='ocrx_word' id='word_1_146' title='bbox 323 1662 344 1688; x_wconf 85' lang='lat'><strong>‹</strong></span> <span class='ocrx_word' id='word_1_147' title='bbox 375 1642 536 1691; x_wconf 88' lang='lat' dir='ltr'><strong>mitam</strong></span> <span class='ocrx_word' id='word_1_148' title='bbox 554 1643 658 1708; x_wconf 72' lang='lat' dir='ltr'><strong>(sio)</strong></span> <span class='ocrx_word' id='word_1_149' title='bbox 681 1650 729 1692; x_wconf 91' lang='lat' dir='ltr'><strong>et</strong></span> <span class='ocrx_word' id='word_1_150' title='bbox 750 1659 944 1709; x_wconf 77' lang='lat' dir='ltr'><strong>pergam</strong></span> <span class='ocrx_word' id='word_1_151' title='bbox 968 1644 1028 1693; x_wconf 89' lang='lat' dir='ltr'><strong>ad</strong></span> <span class='ocrx_word' id='word_1_152' title='bbox 1046 1651 1228 1709; x_wconf 86' lang='lat' dir='ltr'><strong>patrem</strong></span> <span class='ocrx_word' id='word_1_153' title='bbox 1248 1651 1476 1703; x_wconf 79' lang='lat' dir='ltr'><strong>vestrum,</strong></span> <span class='ocrx_word' id='word_1_154' title='bbox 1498 1644 1559 1695; x_wconf 89' lang='lat' dir='ltr'><strong>ad</strong></span> <span class='ocrx_word' id='word_1_155' title='bbox 1579 1644 1730 1695; x_wconf 73' lang='lat' dir='ltr'><strong>wien-</strong></span> 
     </span>
     <span class='ocr_line' id='line_1_20' title="bbox 323 1718 1730 1787; baseline 0.004 -22"><span class='ocrx_word' id='word_1_156' title='bbox 323 1738 344 1765; x_wconf 73' lang='grc' dir='ltr'>ι</span> <span class='ocrx_word' id='word_1_157' title='bbox 375 1718 489 1768; x_wconf 93' lang='lat' dir='ltr'><strong>dum</strong></span> <span class='ocrx_word' id='word_1_158' title='bbox 507 1719 546 1768; x_wconf 86' lang='lat' dir='ltr'><strong>si</strong></span> <span class='ocrx_word' id='word_1_159' title='bbox 565 1719 625 1768; x_wconf 82' lang='lat' dir='ltr'><strong>sit</strong></span> <span class='ocrx_word' id='word_1_160' title='bbox 640 1735 837 1769; x_wconf 81' lang='lat' dir='ltr'><strong>concors</strong></span> <span class='ocrx_word' id='word_1_161' title='bbox 852 1720 941 1769; x_wconf 86' lang='lat' dir='ltr'><strong>hiis</strong></span> <span class='ocrx_word' id='word_1_162' title='bbox 959 1720 1142 1770; x_wconf 78' lang='lat' dir='ltr'><strong>litteris.</strong></span> <span class='ocrx_word' id='word_1_163' title='bbox 1169 1720 1303 1780; x_wconf 86' lang='lat' dir='ltr'><strong>Quod</strong></span> <span class='ocrx_word' id='word_1_164' title='bbox 1319 1721 1359 1769; x_wconf 81' lang='lat' dir='ltr'><strong>si</strong></span> <span class='ocrx_word' id='word_1_165' title='bbox 1379 1721 1441 1771; x_wconf 89' lang='lat' dir='ltr'><strong>ita</strong></span> <span class='ocrx_word' id='word_1_166' title='bbox 1458 1720 1617 1779; x_wconf 76' lang='lat' dir='ltr'><strong>fuerit,</strong></span> <span class='ocrx_word' id='word_1_167' title='bbox 1638 1737 1730 1787; x_wconf 82' lang='lat' dir='ltr'><strong>ego</strong></span> 
     </span>
     <span class='ocr_line' id='line_1_21' title="bbox 323 1797 1730 1862; baseline 0.003 -19"><span class='ocrx_word' id='word_1_168' title='bbox 323 1815 343 1841; x_wconf 76' lang='grc' dir='ltr'>ι</span> <span class='ocrx_word' id='word_1_169' title='bbox 374 1812 614 1853; x_wconf 85' lang='lat' dir='ltr'><strong>reversus.</strong></span> <span class='ocrx_word' id='word_1_170' title='bbox 646 1797 848 1862; x_wconf 80' lang='lat' dir='ltr'><strong>sumptis</strong></span> <span class='ocrx_word' id='word_1_171' title='bbox 874 1813 967 1862; x_wconf 91' lang='lat' dir='ltr'><strong>que</strong></span> <span class='ocrx_word' id='word_1_172' title='bbox 993 1797 1068 1847; x_wconf 89' lang='lat' dir='ltr'><strong>hic</strong></span> <span class='ocrx_word' id='word_1_173' title='bbox 1095 1797 1271 1855; x_wconf 86' lang='lat' dir='ltr'><strong>habeo,</strong></span> <span class='ocrx_word' id='word_1_174' title='bbox 1302 1798 1391 1847; x_wconf 86' lang='lat' dir='ltr'><strong>hoc</strong></span> <span class='ocrx_word' id='word_1_175' title='bbox 1417 1804 1574 1847; x_wconf 71' lang='lat' dir='ltr'><strong>oestro</strong></span> <span class='ocrx_word' id='word_1_176' title='bbox 1600 1813 1730 1847; x_wconf 88' lang='lat' dir='ltr'><strong>oom-</strong></span> 
     </span>
     <span class='ocr_line' id='line_1_22' title="bbox 322 1873 1725 1932; baseline 0 -12"><span class='ocrx_word' id='word_1_177' title='bbox 322 1892 343 1918; x_wconf 86' lang='lat'>‹</span> <span class='ocrx_word' id='word_1_178' title='bbox 373 1873 518 1923; x_wconf 83' lang='lat' dir='ltr'><strong>misso</strong></span> <span class='ocrx_word' id='word_1_179' title='bbox 547 1873 681 1922; x_wconf 81' lang='lat' dir='ltr'><strong>alicui</strong></span> <span class='ocrx_word' id='word_1_180' title='bbox 711 1874 871 1932; x_wconf 90' lang='lat' dir='ltr'><strong>nobili,</strong></span> <span class='ocrx_word' id='word_1_181' title='bbox 897 1873 1067 1923; x_wconf 85' lang='lat' dir='ltr'><strong>vadam</strong></span> <span class='ocrx_word' id='word_1_182' title='bbox 1095 1875 1141 1923; x_wconf 93' lang='lat' dir='ltr'><strong>in</strong></span> <span class='ocrx_word' id='word_1_183' title='bbox 1174 1881 1350 1924; x_wconf 87' lang='lat' dir='ltr'><strong>terram</strong></span> <span class='ocrx_word' id='word_1_184' title='bbox 1378 1881 1669 1924; x_wconf 83' lang='lat' dir='ltr'><strong>extraneam.</strong></span> <span class='ocrx_word' id='word_1_185' title='bbox 1702 1894 1725 1920; x_wconf 69' lang='grc' dir='ltr'>ι</span> 
     </span>
    </p>

    <p class='ocr_par' dir='ltr' id='par_1_5' title="bbox 315 1949 1728 2398">
     <span class='ocr_line' id='line_1_23' title="bbox 381 1949 1728 2017; baseline 0.001 -18"><span class='ocrx_word' id='word_1_186' title='bbox 381 1949 557 1999; x_wconf 83' lang='lat' dir='ltr'><strong>Deinde</strong></span> <span class='ocrx_word' id='word_1_187' title='bbox 578 1950 821 2007; x_wconf 74' lang='lat' dir='ltr'><strong>recedens,</strong></span> <span class='ocrx_word' id='word_1_188' title='bbox 846 1950 1122 2000; x_wconf 82' lang='lat' dir='ltr'><strong>castellanus</strong></span> <span class='ocrx_word' id='word_1_189' title='bbox 1141 1951 1270 2001; x_wconf 88' lang='lat' dir='ltr'><strong>venit</strong></span> <span class='ocrx_word' id='word_1_190' title='bbox 1291 1951 1420 2017; x_wconf 86' lang='lat' dir='ltr'><strong>apud</strong></span> <span class='ocrx_word' id='word_1_191' title='bbox 1439 1951 1622 2008; x_wconf 76' lang='lat' dir='ltr'><strong>Malam,</strong></span> <span class='ocrx_word' id='word_1_192' title='bbox 1645 1949 1728 2001; x_wconf 78' lang='lat' dir='ltr'><strong>ubi</strong></span> 
     </span>
     <span class='ocr_line' id='line_1_24' title="bbox 317 2026 1724 2086; baseline 0.001 -11"><span class='ocrx_word' id='word_1_193' title='bbox 317 2034 416 2076; x_wconf 85' lang='lat' dir='ltr'><strong>erat</strong></span> <span class='ocrx_word' id='word_1_194' title='bbox 449 2043 607 2076; x_wconf 85' lang='lat' dir='ltr'><strong>comes</strong></span> <span class='ocrx_word' id='word_1_195' title='bbox 638 2026 853 2076; x_wconf 84' lang='lat' dir='ltr'><strong>Flandrie</strong></span> <span class='ocrx_word' id='word_1_196' title='bbox 883 2034 931 2076; x_wconf 90' lang='lat' dir='ltr'><strong>et</strong></span> <span class='ocrx_word' id='word_1_197' title='bbox 967 2027 1174 2077; x_wconf 84' lang='lat' dir='ltr'><strong>ostendit</strong></span> <span class='ocrx_word' id='word_1_198' title='bbox 1203 2028 1244 2076; x_wconf 89' lang='lat' dir='ltr'><strong>ei</strong></span> <span class='ocrx_word' id='word_1_199' title='bbox 1280 2027 1483 2086; x_wconf 74' lang='lat' dir='ltr'><strong>litteras,</strong></span> <span class='ocrx_word' id='word_1_200' title='bbox 1519 2027 1682 2077; x_wconf 71' lang='lat' dir='ltr'><strong>dicens</strong></span> <span class='ocrx_word' id='word_1_201' title='bbox 1712 2045 1724 2077; x_wconf 78' lang='lat' dir='ltr'><strong><em>z</em></strong></span> 
     </span>
     <span class='ocr_line' id='line_1_25' title="bbox 320 2104 1728 2170; baseline 0.001 -19"><span class='ocrx_word' id='word_1_202' title='bbox 320 2124 340 2150; x_wconf 84' lang='lat'>‹</span> <span class='ocrx_word' id='word_1_203' title='bbox 372 2104 568 2153; x_wconf 88' lang='lat' dir='ltr'><strong>Domine</strong></span> <span class='ocrx_word' id='word_1_204' title='bbox 587 2104 849 2170; x_wconf 87' lang='lat' dir='ltr'><strong>jussionem</strong></span> <span class='ocrx_word' id='word_1_205' title='bbox 872 2111 1080 2153; x_wconf 86' lang='lat' dir='ltr'><strong>vestram</strong></span> <span class='ocrx_word' id='word_1_206' title='bbox 1102 2104 1306 2170; x_wconf 87' lang='lat' dir='ltr'><strong>explevi,</strong></span> <span class='ocrx_word' id='word_1_207' title='bbox 1329 2105 1501 2154; x_wconf 81' lang='lat' dir='ltr'><strong>timens</strong></span> <span class='ocrx_word' id='word_1_208' title='bbox 1518 2111 1728 2153; x_wconf 77' lang='lat' dir='ltr'><strong>vestram</strong></span> 
     </span>
     <span class='ocr_line' id='line_1_26' title="bbox 321 2180 1723 2248; baseline 0.001 -20"><span class='ocrx_word' id='word_1_209' title='bbox 321 2200 341 2227; x_wconf 86' lang='lat'>‹</span> <span class='ocrx_word' id='word_1_210' title='bbox 371 2180 736 2247; x_wconf 87' lang='lat' dir='ltr'><strong>indignationem</strong></span> <span class='ocrx_word' id='word_1_211' title='bbox 755 2180 1014 2230; x_wconf 88' lang='lat' dir='ltr'><strong>incurrere.</strong></span> <span class='ocrx_word' id='word_1_212' title='bbox 1043 2200 1064 2227; x_wconf 71' lang='grc' dir='ltr'><strong><em>ι</em></strong></span> <span class='ocrx_word' id='word_1_213' title='bbox 1088 2183 1236 2241; x_wconf 82' lang='lat' dir='ltr'><strong>Quem</strong></span> <span class='ocrx_word' id='word_1_214' title='bbox 1259 2197 1418 2230; x_wconf 81' lang='lat' dir='ltr'><strong>eomes</strong></span> <span class='ocrx_word' id='word_1_215' title='bbox 1443 2181 1723 2248; x_wconf 78' lang='lat' dir='ltr'><strong>intelligens,</strong></span> 
     </span>
     <span class='ocr_line' id='line_1_27' title="bbox 315 2257 1728 2315; baseline 0.001 -10"><span class='ocrx_word' id='word_1_216' title='bbox 315 2257 592 2306; x_wconf 85' lang='lat' dir='ltr'><strong>exclamavit</strong></span> <span class='ocrx_word' id='word_1_217' title='bbox 611 2263 656 2306; x_wconf 92' lang='lat' dir='ltr'><strong>et</strong></span> <span class='ocrx_word' id='word_1_218' title='bbox 682 2257 802 2306; x_wconf 85' lang='lat' dir='ltr'><strong>dixit</strong></span> <span class='ocrx_word' id='word_1_219' title='bbox 830 2275 840 2305; x_wconf 91' lang='lat'>:</span> <span class='ocrx_word' id='word_1_220' title='bbox 869 2276 890 2303; x_wconf 87' lang='lat'>‹</span> <span class='ocrx_word' id='word_1_221' title='bbox 915 2258 1039 2307; x_wconf 87' lang='lat' dir='ltr'><strong>Heu!</strong></span> <span class='ocrx_word' id='word_1_222' title='bbox 1063 2257 1326 2315; x_wconf 78' lang='lat' dir='ltr'><strong>oestellane,</strong></span> <span class='ocrx_word' id='word_1_223' title='bbox 1356 2264 1429 2307; x_wconf 89' lang='lat' dir='ltr'><strong>est</strong></span> <span class='ocrx_word' id='word_1_224' title='bbox 1451 2257 1574 2307; x_wconf 78' lang='lat' dir='ltr'><strong>filius</strong></span> <span class='ocrx_word' id='word_1_225' title='bbox 1593 2273 1728 2307; x_wconf 76' lang='lat' dir='ltr'><strong>meus</strong></span> 
     </span>
     <span class='ocr_line' id='line_1_28' title="bbox 319 2334 1576 2398; baseline -0.001 -17"><span class='ocrx_word' id='word_1_226' title='bbox 319 2353 340 2379; x_wconf 72' lang='grc' dir='ltr'>ι</span> <span class='ocrx_word' id='word_1_227' title='bbox 371 2335 616 2383; x_wconf 83' lang='lat' dir='ltr'><strong>mortuus?</strong></span> <span class='ocrx_word' id='word_1_228' title='bbox 636 2337 882 2398; x_wconf 83' lang='lat' dir='ltr'><strong>Nunquam</strong></span> <span class='ocrx_word' id='word_1_229' title='bbox 908 2340 1090 2383; x_wconf 86' lang='lat' dir='ltr'><strong>tantum</strong></span> <span class='ocrx_word' id='word_1_230' title='bbox 1115 2334 1327 2383; x_wconf 89' lang='lat' dir='ltr'><strong>dolorem</strong></span> <span class='ocrx_word' id='word_1_231' title='bbox 1350 2334 1518 2383; x_wconf 86' lang='lat' dir='ltr'><strong>habui!</strong></span> <span class='ocrx_word' id='word_1_232' title='bbox 1554 2354 1576 2380; x_wconf 68' lang='grc' dir='ltr'><strong><em>ι</em></strong></span> 
     </span>
    </p>

    <p class='ocr_par' dir='ltr' id='par_1_6' title="bbox 312 2410 1724 2784">
     <span class='ocr_line' id='line_1_29' title="bbox 378 2410 1720 2468; baseline 0.001 -9"><span class='ocrx_word' id='word_1_233' title='bbox 378 2411 661 2460; x_wconf 86' lang='lat' dir='ltr'><strong>Castellanus</strong></span> <span class='ocrx_word' id='word_1_234' title='bbox 676 2417 851 2468; x_wconf 78' lang='lat' dir='ltr'><strong>autem,</strong></span> <span class='ocrx_word' id='word_1_235' title='bbox 868 2410 1034 2460; x_wconf 85' lang='lat' dir='ltr'><strong>videns</strong></span> <span class='ocrx_word' id='word_1_236' title='bbox 1049 2411 1269 2460; x_wconf 82' lang='lat' dir='ltr'><strong>comitem</strong></span> <span class='ocrx_word' id='word_1_237' title='bbox 1286 2411 1447 2460; x_wconf 87' lang='lat' dir='ltr'><strong>dolere</strong></span> <span class='ocrx_word' id='word_1_238' title='bbox 1459 2417 1508 2460; x_wconf 88' lang='lat' dir='ltr'><strong>et</strong></span> <span class='ocrx_word' id='word_1_239' title='bbox 1524 2411 1720 2468; x_wconf 60' lang='lat' dir='ltr'><strong>ttistari,</strong></span> 
     </span>
     <span class='ocr_line' id='line_1_30' title="bbox 313 2487 1724 2556; baseline 0.002 -21"><span class='ocrx_word' id='word_1_240' title='bbox 313 2487 430 2536; x_wconf 85' lang='lat' dir='ltr'><strong>dixit</strong></span> <span class='ocrx_word' id='word_1_241' title='bbox 457 2489 532 2538; x_wconf 90' lang='lat' dir='ltr'><strong>ei:</strong></span> <span class='ocrx_word' id='word_1_242' title='bbox 566 2509 587 2534; x_wconf 73' lang='grc' dir='ltr'>ι</span> <span class='ocrx_word' id='word_1_243' title='bbox 614 2490 827 2547; x_wconf 90' lang='lat' dir='ltr'><strong>Domine,</strong></span> <span class='ocrx_word' id='word_1_244' title='bbox 859 2490 1099 2556; x_wconf 83' lang='lat' dir='ltr'><strong>mitigetur</strong></span> <span class='ocrx_word' id='word_1_245' title='bbox 1125 2490 1262 2538; x_wconf 91' lang='lat' dir='ltr'><strong>dolor</strong></span> <span class='ocrx_word' id='word_1_246' title='bbox 1292 2496 1468 2549; x_wconf 84' lang='lat' dir='ltr'><strong>vester,</strong></span> <span class='ocrx_word' id='word_1_247' title='bbox 1502 2488 1724 2554; x_wconf 87' lang='lat' dir='ltr'><strong>quoniam</strong></span> 
     </span>
     <span class='ocr_line' id='line_1_31' title="bbox 317 2565 1723 2616; baseline 0.003 -6"><span class='ocrx_word' id='word_1_248' title='bbox 317 2584 336 2609; x_wconf 73' lang='grc' dir='ltr'>ι</span> <span class='ocrx_word' id='word_1_249' title='bbox 368 2565 490 2614; x_wconf 90' lang='lat' dir='ltr'><strong>filius</strong></span> <span class='ocrx_word' id='word_1_250' title='bbox 506 2571 663 2614; x_wconf 87' lang='lat' dir='ltr'><strong>vester</strong></span> <span class='ocrx_word' id='word_1_251' title='bbox 678 2566 830 2615; x_wconf 86' lang='lat' dir='ltr'><strong>adhuc</strong></span> <span class='ocrx_word' id='word_1_252' title='bbox 846 2566 981 2615; x_wconf 82' lang='lat' dir='ltr'><strong>vivit.</strong></span> <span class='ocrx_word' id='word_1_253' title='bbox 1002 2585 1024 2612; x_wconf 69' lang='grc' dir='ltr'><strong>ι</strong></span> <span class='ocrx_word' id='word_1_254' title='bbox 1040 2566 1215 2615; x_wconf 89' lang='lat' dir='ltr'><strong>Deinde</strong></span> <span class='ocrx_word' id='word_1_255' title='bbox 1234 2583 1394 2616; x_wconf 78' lang='lat' dir='ltr'><strong>comes</strong></span> <span class='ocrx_word' id='word_1_256' title='bbox 1409 2566 1567 2615; x_wconf 82' lang='lat' dir='ltr'><strong>statim</strong></span> <span class='ocrx_word' id='word_1_257' title='bbox 1582 2581 1723 2614; x_wconf 79' lang='lat' dir='ltr'><strong>voea-</strong></span> 
     </span>
     <span class='ocr_line' id='line_1_32' title="bbox 312 2641 1723 2701; baseline 0.002 -13"><span class='ocrx_word' id='word_1_258' title='bbox 312 2641 380 2688; x_wconf 84' lang='lat' dir='ltr'><strong>vit</strong></span> <span class='ocrx_word' id='word_1_259' title='bbox 403 2641 615 2691; x_wconf 90' lang='lat' dir='ltr'><strong>homines</strong></span> <span class='ocrx_word' id='word_1_260' title='bbox 645 2642 704 2691; x_wconf 89' lang='lat' dir='ltr'><strong>de</strong></span> <span class='ocrx_word' id='word_1_261' title='bbox 734 2642 872 2692; x_wconf 87' lang='lat' dir='ltr'><strong>bonis</strong></span> <span class='ocrx_word' id='word_1_262' title='bbox 902 2642 1023 2692; x_wconf 81' lang='lat' dir='ltr'><strong>villis</strong></span> <span class='ocrx_word' id='word_1_263' title='bbox 1056 2643 1153 2691; x_wconf 89' lang='lat' dir='ltr'><strong>suis</strong></span> <span class='ocrx_word' id='word_1_264' title='bbox 1185 2649 1232 2692; x_wconf 92' lang='lat' dir='ltr'><strong>et</strong></span> <span class='ocrx_word' id='word_1_265' title='bbox 1267 2643 1547 2701; x_wconf 85' lang='lat' dir='ltr'><strong>Robertum,</strong></span> <span class='ocrx_word' id='word_1_266' title='bbox 1574 2641 1723 2691; x_wconf 85' lang='lat' dir='ltr'><strong>filium</strong></span> 
     </span>
     <span class='ocr_line' id='line_1_33' title="bbox 313 2718 1724 2784; baseline 0.002 -19"><span class='ocrx_word' id='word_1_267' title='bbox 313 2733 468 2773; x_wconf 90' lang='lat' dir='ltr'><strong>suum,</strong></span> <span class='ocrx_word' id='word_1_268' title='bbox 496 2719 576 2783; x_wconf 91' lang='lat' dir='ltr'><strong>qui</strong></span> <span class='ocrx_word' id='word_1_269' title='bbox 603 2725 704 2768; x_wconf 83' lang='lat' dir='ltr'><strong>erat</strong></span> <span class='ocrx_word' id='word_1_270' title='bbox 733 2719 793 2768; x_wconf 88' lang='lat' dir='ltr'><strong>ad</strong></span> <span class='ocrx_word' id='word_1_271' title='bbox 822 2724 1122 2771; x_wconf 81' lang='lat' dir='ltr'><strong>Warnestum</strong></span> <span class='ocrx_word' id='word_1_272' title='bbox 1151 2726 1198 2768; x_wconf 91' lang='lat' dir='ltr'><strong>et</strong></span> <span class='ocrx_word' id='word_1_273' title='bbox 1222 2719 1429 2769; x_wconf 83' lang='lat' dir='ltr'><strong>ostendit</strong></span> <span class='ocrx_word' id='word_1_274' title='bbox 1454 2720 1523 2769; x_wconf 83' lang='lat' dir='ltr'><strong>eis</strong></span> <span class='ocrx_word' id='word_1_275' title='bbox 1546 2718 1724 2784; x_wconf 81' lang='lat' dir='ltr'><strong>nephas</strong></span> 
     </span>
    </p>
   </div>
  </div>
 </body>
</html>
