1838 3164
287 270 354 309 ‘288
558 271 926 306 cnaonomupuu
957 270 1109 305 BBGUU
1134 269 1413 305 ΠΑΝΟΟΙΙῙΙ.
1583 267 1691 315 [¹325

287 353 378 400 livo
397 367 483 404 suo
501 349 801 400 Ambianensi
827 349 874 399 in
894 349 1158 399 substancia
1181 348 1475 400 continentes
1493 351 1623 415 quod
1641 367 1692 400 se

286 428 561 479 transferret
577 426 637 476 ad
658 441 910 492 personam
928 425 1039 476 dicti
1058 425 1237 476 domini
1258 425 1452 477 Roberti
1469 425 1518 477 in
1537 426 1694 478 villam

285 504 346 554 de
355 504 522 571 Brugis
531 510 648 553 etex
660 509 793 570 parte
802 504 892 564 sui,
906 503 1226 571 pmdictarum
1238 502 1500 553 litterarum
1510 502 1691 570 vigore,

284 580 437 631 eidem
454 581 583 632 dicto
598 581 792 631 domino
811 581 1018 632 Roberto
1033 597 1087 631 ac
1109 579 1445 646 Brugensibuffi
1468 579 1558 631 sub
1574 596 1694 646 pena

284 658 487 708 maxime
497 658 770 709 offencionis
782 658 1046 725 injungeret
1054 657 1183 723 quod
1197 657 1388 707 indilate
1402 655 1491 707 sibi
1508 656 1695 707 undant

284 735 517 801 prefatum
546 735 766 786 comitem
798 735 1028 794 flandrie,
1054 734 1300 785 dominum
1324 750 1482 793 suum.
1509 733 1580 785 ds
1593 750 1694 800 quo

284 811 513 862 faciebant
539 811 877 871 carcerarium,
905 810 967 861 ad
990 809 1288 861 educendum
1315 809 1419 876 (sic)
1445 808 1555 869 sibi,
1582 808 1694 875 quis

283 888 330 937 in
349 887 526 955 judicio
555 903 643 938 suo
671 886 858 937 volebat
885 902 995 937 cum
1020 886 1202 947 audire,
1235 902 1324 952 pro
1347 885 1694 952 complemento

282 964 520 1015 rationalis
531 964 717 1030 justicie
735 962 1031 1029 exequende‚
1047 969 1210 1013 contra
1228 962 1384 1014 eidem
1397 968 1695 1029 opponente

282 1049 330 1090 et
350 1041 745 1099 contradicentes,
759 1047 808 1090 et
820 1040 949 1106 quod
968 1039 1295 1093 nichilominus
1309 1039 1695 1106 adjuvarctdic-

281 1124 382 1167 tum
412 1117 656 1168 dominum
691 1116 950 1168 Robertum
981 1123 1031 1167 et
1065 1119 1330 1204 Brugenses
1358 1132 1502 1183 manu
1529 1116 1692 1175 misas,

283 1201 335 1245 ut
376 1194 688 1260 personaliter
729 1199 1034 1281 compareant
1075 1210 1236 1244 coram
1275 1194 1380 1260 ipso
1429 1194 1477 1244 in
1516 1193 1696 1245 octavis

281 1272 435 1321 Sancti
463 1271 650 1321 Andr-ee
677 1271 896 1336 proxime
922 1276 1175 1323 venturum
1202 1271 1329 1337 (aas),
1354 1286 1442 1321 suo
1469 1286 1695 1336 prociun-

280 1348 373 1398 tori
391 1348 599 1415 generali
623 1364 768 1413 super
792 1347 1039 1414 premissis
1066 1362 1331 1414 earumque
1348 1347 1695 1399 circonstantiis

279 1431 327 1474 et
360 1424 732 1491 deppendenciis
765 1440 1111 1490 responsuros3
1147 1430 1196 1474 et
1229 1423 1424 1490 insuper
1455 1423 1694 1475 intimaret

279 1504 346 1552 eis
377 1509 427 1553 et
451 1503 642 1553 cuilibet
671 1519 838 1553 eorum
872 1502 1000 1568 quod
1034 1503 1122 1553 nisi
1145 1502 1413 1553 obedierint
1441 1502 1502 1552 ad
1526 1519 1694 1569 supra-

278 1580 420 1639 dicta,
443 1580 547 1645 ipse
566 1579 847 1645 procederet
867 1586 1030 1630 contra
1055 1596 1138 1629 eos
1160 1585 1394 1630 eteorum
1411 1579 1687 1644 quemlibet,

279 1663 424 1722 prout
457 1658 596 1706 fuerit
629 1657 842 1716 rationis,
878 1657 1007 1707 dicto
1041 1656 1231 1707 baillivo
1266 1673 1355 1707 suo
1388 1657 1694 1723 precipiendo

279 1733 407 1798 quod
437 1733 720 1784 rescriberet
744 1733 805 1783 de
829 1733 957 1782 dicto
979 1732 1340 1799 adjornamento
1362 1740 1411 1784 et
1437 1733 1527 1784 sibi
1550 1734 1694 1785 muzi-

278 1816 401 1859 teret
429 1809 631 1860 fideliter
663 1809 753 1861 sub
784 1809 938 1877 sigillo
962 1809 1147 1860 ballivie
1172 1810 1291 1877 ejus,
1323 1809 1385 1860 ad
1417 1809 1544 1861 diem
1578 1810 1692 1862 dicti

277 1884 663 1952 adjornamenti¹.

341 1968 538 2034 Expleto
563 1984 767 2034 namque
790 1968 919 2019 dicto
943 1968 1183 2027 mandato,
1211 1968 1448 2019 Robertus
1470 1969 1533 2020 de
1555 1970 1692 2020 Flan-

277 2045 379 2094 dria
401 2051 450 2095 et
467 2045 710 2112 Flamingi‚
735 2044 898 2096 habito
916 2045 1128 2104 consilio,
1152 2045 1464 2096 decreverunt
1483 2045 1690 2099 reddere

326 2218 359 2255 1.
382 2217 435 2255 Le
460 2218 482 2255 4
509 2217 717 2256 novembre
742 2217 851 2265 ¹325,
870 2216 1030 2256 Chai-les
1055 2217 1114 2255 IV
1132 2216 1168 2255 le
1195 2217 1266 2256 Bel
1293 2217 1423 2266 requit
1449 2217 1620 2267 l'evequc
1641 2216 1691 2256 dc

275 2276 402 2315 Senlis
428 2281 467 2314 et
490 2276 614 2314 l’abbe
642 2276 690 2315 de
708 2276 966 2316 saint-nenia
984 2277 1033 2314 da
1051 2281 1190 2315 mettre
1208 2276 1245 2314 la
1264 2276 1429 2315 mandre
1447 2287 1497 2315 en
1515 2275 1688 2315 interdu.

276 2335 386 2374 Voici
405 2346 460 2373 un
478 2336 619 2374 extr-ait
641 2335 693 2373 du
710 2336 865 2384 Journal
883 2336 936 2373 du
952 2336 1093 2374 'rreuor
1111 2336 1241 2375 relatis
1254 2336 1278 2373 a
1297 2341 1396 2375 cette
1420 2335 1692 2375 excommuni-

276 2395 416 2442 cation‚
438 2395 504 2444 qui
524 2394 583 2432 fut
603 2394 817 2443 proclames
838 2396 863 2433 a
879 2395 1047 2434 Toumai
1065 2400 1105 2433 et
1121 2395 1146 2433 ὲ
1163 2395 1287 2433 Artas
1307 2409 1318 2431 ε
1351 2409 1368 2431 ι
1390 2395 1575 2445 Magister
1593 2393 1689 2433 Ber·

278 2466 295 2487 α
317 2453 476 2490 trandus
496 2452 687 2491 Bonisacii
707 2453 850 2491 missus
869 2453 912 2491 in
925 2452 1149 2491 Blandi-iam
1164 2464 1230 2502 per
1242 2453 1448 2491 dominum
1461 2463 1606 2501 regem,
1618 2463 1688 2501 pro

278 2525 295 2546 α
317 2511 487 2561 negociis
499 2511 775 2559 publicationis
789 2512 1075 2550 sentenciamm
1089 2511 1510 2550 excommunicationis
1521 2516 1560 2549 et
1570 2510 1689 2549 inter-

278 2584 295 2606 «
318 2570 413 2608 dicti
437 2577 570 2609 contra
594 2569 799 2609 dominnm
825 2571 1041 2610 Robertnm
1063 2570 1112 2608 de
1131 2570 1311 2609 Flandria
1327 2576 1367 2609 et
1384 2570 1620 2609 habitatores
1636 2569 1686 2608 de

283 2643 300 2664 α
322 2629 480 2679 Brugis,
500 2630 549 2668 de
567 2630 700 2679 Yppra
726 2636 766 2668 et
789 2629 920 2680 plures
941 2630 1037 2669 alios
1060 2629 1109 2668 de
1133 2630 1330 2678 Flandria,
1349 2630 1420 2680 qui
1442 2634 1634 2668 venerunt
1649 2635 1689 2668 ct

278 2702 294 2723 ι
317 2688 492 2727 fecerunt
511 2695 643 2728 contra
662 2701 797 2739 pacem
802 2719 874 2728 .....
899 2705 916 2726 ι
931 2689 1067 2734 (Arch.
1081 2695 1180 2737 nat„
1194 2690 1270 2728 KK
1283 2691 1320 2738 1,
1333 2688 1400 2728 fol.
1415 2689 1501 2737 896,
1513 2689 1538 2727 ἰ
1549 2688 1588 2727 la
1598 2687 1687 2727 data

277 2747 329 2788 du
348 2748 394 2786 25
409 2749 560 2797 Janvier
578 2749 684 2796 1326,
705 2761 745 2788 n.
767 2754 830 2791 st.)
1099 2764 1103 2770 ·
