1838 3164
359 307 400 344 3¹1
635 304 1005 341 cunon'omm’uu
1033 303 1185 338 noun
1211 303 1492 339 mucosum.
1544 301 1766 348 mats-¹2⁹⁴

356 383 843 451 Lucemburgensibus
866 383 1162 448 cessavitque
1186 382 1387 431 clamare
1405 381 1466 431 de
1490 383 1697 433 Lovanio
1720 383 1766 432 in

355 462 613 512 hastiludiis
623 477 706 511 seu
716 460 1052 511 torneamentis
1061 468 1107 510 et
1118 460 1243 525 cepit
1254 459 1548 525 proclamare
1564 477 1575 509 ι
1597 479 1619 507 ι
1634 464 1770 511 Lan-

354 540 557 606 burgum
582 538 644 588 illi
670 537 749 605 qui
772 538 1072 603 conquisivit.
1097 556 1120 584 ι
1140 540 1357 587 Preterea
1378 553 1538 587 comes
1556 537 1771 588 Flandrie

352 617 438 666 hec
470 615 646 675 sciens,
674 615 734 664 ad
758 615 1046 665 comitissam
1071 614 1300 680 perrexit,
1334 630 1428 680 que
1458 630 1561 665 rem
1585 620 1769 682 gestam

351 693 538 760 penitus
570 692 834 760 ignorabat.
863 695 1073 758 Cumque
1103 692 1341 742 comitissa
1373 708 1467 758 que
1501 691 1770 743 acciderant

351 771 573 820 comitem
605 770 938 836 interrogaret,
975 769 1051 819 ille
1083 768 1330 835 respondit
1373 787 1384 818 ε
1434 788 1456 815 ι
1493 768 1610 819 Mala
1645 785 1769 820 nova

350 847 487 898 vobis
512 847 630 906 fero,
652 847 759 897 fabe
779 847 877 913 jam
899 851 1010 895 sunt
1031 851 1216 896 mature
1245 863 1256 895 ε
1285 862 1396 895 nam
1420 846 1594 897 fratres
1620 846 1767 897 ναίετ’

349 924 620 975 ceciderunt
647 925 693 973 in
728 924 871 973 bello.
912 943 934 970 ι
969 926 1068 983 Que
1099 939 1213 973 mox
1242 922 1502 974 thalamum
1534 923 1766 991 ingressa,

348 1002 639 1052 amarissime
657 1001 804 1059 flevit,
830 1001 1018 1050 interno
1042 1000 1207 1051 dolore
1228 1017 1521 1067 compressa.

412 1083 595 1130 Interea
618 1078 835 1128 videntes
859 1078 1015 1137 amici,
1039 1094 1260 1144 guerram
1279 1078 1514 1128 malorum
1541 1077 1767 1145 [copiam]

347 1157 597 1216 illaturam,
629 1156 689 1206 de
716 1172 832 1222 pace
860 1159 1184 1206 tractaverunt
1214 1162 1264 1205 et
1288 1156 1377 1205 sita
1404 1161 1478 1205 est
1502 1155 1633 1221 pacis
1656 1170 1770 1205 con-

346 1233 506 1283 cordia
531 1234 598 1283 sic
626 1250 637 1282 ε
666 1232 795 1298 quod
823 1232 1075 1292 Henricus,
1107 1233 1232 1282 filius
1261 1231 1447 1282 comitis
1480 1230 1769 1283 Lucembur-

345 1310 502 1376 gensis
531 1326 685 1375 nuper
714 1309 854 1359 occisi
887 1310 935 1358 in
970 1309 1116 1367 bello,
1151 1309 1231 1375 qui
1266 1308 1575 1375 postmodum
1606 1324 1767 1360 rom-

344 1403 461 1438 num
484 1386 737 1452 imperium
762 1391 834 1435 est
857 1386 1075 1451 adeptus,
1104 1385 1301 1436 duceret
1323 1387 1371 1436 in
1397 1401 1597 1437 uxorem
1620 1386 1767 1437 filiam

344 1462 556 1529 ejusdem
589 1461 722 1512 ducis
743 1461 1018 1520 Brabancie,
1047 1461 1109 1512 de
1132 1477 1227 1527 qua
1252 1461 1415 1512 habuit
1445 1478 1593 1513 unum
1617 1462 1767 1513 fllium

342 1545 391 1589 et
414 1556 558 1589 unam
581 1539 726 1589 filiam
749 1557 760 1588 ε
790 1539 931 1598 filius,
961 1538 1152 1588 nomine
1175 1539 1431 1599 «lohannes,
1457 1539 1767 1606 desponsavit

342 1616 557 1682 reginam
582 1614 789 1674 Boemie,
817 1614 910 1663 filia
930 1630 1048 1663 vero
1065 1613 1175 1663 data
1199 1620 1273 1664 est
1295 1614 1345 1664 in
1365 1631 1567 1665 uxorem
1590 1614 1766 1665 Kmio

342 1693 442 1759 regi
457 1691 650 1742 Francie
659 1697 707 1741 et
718 1694 926 1741 Navarre
933 1727 944 1740 .
960 1693 1178 1741 Preterea
1189 1707 1350 1741 comes
1360 1691 1545 1743 Gueirie
1553 1699 1603 1742 et
1610 1690 1765 1743 amhi·

342 1769 593 1834 episcopus
622 1767 910 1818 Coloniensis
944 1766 1125 1816 liberati
1159 1774 1286 1827 sunt,
1322 1767 1560 1819 mediante
1590 1784 1763 1836 magna

341 1846 648 1911 pecuniarum
669 1860 872 1903 summa,
901 1850 948 1893 et
971 1844 1203 1893 remeavit
1226 1850 1428 1911 uterque
1446 1845 1507 1895 ad
1526 1846 1741 1912 propria.

407 1921 585 1971 Deinde
598 1937 759 1972 comes
773 1919 1018 1969 Barrensis
1036 1919 1144 1969 fecit
1161 1919 1434 1971 denunciari
1450 1921 1701 1972 hastiludia
1712 1921 1762 1971 in

341 2002 487 2048 Barro
510 1999 650 2048 Ducis
673 1998 782 2047 villa
807 2014 909 2056 sua,
931 2003 980 2046 et
1003 1996 1324 2047 hastiludiavit
1344 1997 1409 2047 ibi
1429 1998 1644 2063 prefatus
1662 1998 1762 2049 dux

340 2076 595 2125 Brabancie
628 2081 791 2124 contra
830 2073 1087 2140 quemdam
1118 2074 1316 2123 militem
1359 2075 1759 2135 strenuissimum,

340 2153 531 2202 nomine
543 2156 735 2202 Petrum
741 2151 804 2201 de
810 2151 1176 2201 Bauffiemonte.
1190 2151 1276 2210 Qui
1287 2151 1440 2211 miles,
1454 2169 1539 2202 sua
1552 2152 1762 2202 sectiuda

339 2230 498 2280 lancea
536 2229 804 2295 penetravit
848 2228 1094 2278 brachium
1133 2227 1269 2278 ducis
1302 2228 1350 2278 in
1391 2230 1575 2289 crasso,
1609 2229 1676 2279 ita
1706 2235 1762 2280 ut

339 2307 474 2356 nervi
513 2322 623 2356 cum
662 2306 823 2356 lancea
861 2304 1224 2354 extraherentur
1260 2322 1272 2353 ε
1311 2310 1531 2370 preterea
1566 2305 1667 2355 dux
1695 2304 1759 2355 ad

338 2383 602 2449 hospicium
617 2382 799 2432 delatus
810 2388 883 2432 est
902 2382 984 2432 ubi
1003 2388 1188 2448 septem
1204 2381 1375 2432 diebus
1387 2382 1533 2449 jacuit
1547 2382 1596 2431 in
1613 2382 1756 2442 lecto,

339 2461 663 2526 accerserique
687 2461 797 2510 fecit
819 2459 1017 2509 militem
1039 2478 1068 2508 a
1091 2477 1189 2525 quo
1209 2460 1364 2510 fuerat
1382 2460 1508 2510 lesus
1532 2466 1581 2510 et
1603 2459 1761 2510 indul-

339 2537 401 2586 sit
419 2537 463 2586 ei
487 2537 615 2602 quod
641 2537 730 2586 sibi
749 2537 941 2596 fecerat,
962 2536 1012 2585 in
1035 2536 1388 2602 crastinumque
1405 2536 1569 2587 obiit¹.

387 2676 424 2712 1.
444 2673 502 2712 cf.
524 2675 727 2712 Ancienncs
746 2676 965 2722 chronique:
980 2675 1024 2712 de
1041 2676 1202 2712 mandre
1223 2676 1372 2722 (Histor.
1394 2677 1438 2713 de
1461 2677 1539 2722 fin,
1562 2680 1591 2714 t.
1612 2674 1755 2725 1111,

339 2746 377 2782 p.
406 2734 474 2771 349
499 2739 538 2772 et
563 2745 603 2771 n.
630 2734 680 2781 2).
707 2734 765 2771 La
792 2736 1002 2782 alumnique
1026 2733 1074 2771 de
1100 2734 1325 2773 Guillaume
1350 2734 1399 2773 de
1423 2735 1591 2785 Nangis,
1615 2734 1684 2784 qui
1703 2747 1755 2774 ne

342 2792 409 2829 fait
428 2793 570 2841 qu'une
589 2793 705 2831 breve
723 2794 902 2832 mention
919 2792 967 2831 de
993 2792 1213 2842 l’accident‚
1239 2805 1290 2831 en
1314 2794 1390 2831 fixe
1410 2794 1448 2832 la
1466 2794 1555 2832 date
1577 2804 1628 2831 au
1650 2794 1752 2833 mois
