1838 3164
87 329 193 378 1298]
363 333 735 369 onnouociurlm
759 334 914 368 amun
938 333 1218 368 mucciunt.
1448 329 1492 366 79

84 420 190 465 sent
220 430 382 473 coram
413 417 556 480 Papa,
590 413 837 480 cujuslibet
872 414 1140 464 racionibus
1167 413 1412 480 explicatis
1445 413 1494 462 in

85 491 225 557 pleno
249 491 545 549 consistorio,
564 493 690 555 Papa
713 489 940 547 decrevit,
958 491 1087 554 quod
1104 507 1191 540 rex
1207 494 1494 540 Francorum

83 567 305 618 redderet
314 569 473 618 comiti
484 566 701 617 Flandrie
714 566 856 616 filiam
870 571 918 615 et
932 582 1124 616 omnem
1141 574 1336 626 terram,
1351 583 1496 633 quam

84 645 400 711 conquisierat
429 660 575 711 super
597 659 723 702 eum,
759 659 941 692 necnon
966 650 1014 692 et
1039 645 1140 710 regi
1170 645 1334 711 Anglie
1358 644 1498 695 resti-

83 726 238 772 tueret
263 728 442 772 terram
470 737 614 787 quam
641 720 855 771 saisierat
878 720 968 770 sibi
997 721 1047 770 in
1070 722 1315 773 Gasconia.
1345 725 1498 787 Super

0 811 6 852 ζ
84 799 230 864 quod,
251 798 475 849 confectis
493 798 661 849 litteris
679 798 969 864 apostolicis,
990 798 1227 849 Robertus
1244 799 1496 849 Flandren-

0 859 9 938 ᾗ
84 875 150 925 sis
178 892 399 926 reversus
433 881 509 925 est
539 875 589 924 in
625 874 910 932 Flandriam,
947 880 996 925 et
1029 874 1186 925 dictus
1219 875 1493 942 episcopus¹

2 975 4 979 ’
82 967 192 1002 cum
205 952 382 1002 Jacobo
406 951 468 1001 de
492 954 663 1002 Sancto
688 952 831 1002 Paulo
849 951 1072 1011 Pax-isius,
1095 951 1157 1002 ad
1171 968 1335 1019 regem
1355 955 1499 1002 Fran-

83 1028 180 1086 cie;
204 1034 347 1095 atque
372 1028 674 1095 presentibus
698 1029 872 1079 Karolo
897 1028 958 1079 de
981 1029 1166 1080 valesio
1189 1034 1239 1078 et
1260 1028 1499 1079 Ludovico

0 1108 11 1131 ³
83 1104 353 1156 Ebroicensi
385 1106 656 1164 comitibus,
694 1106 921 1156 fmtribus
954 1106 1074 1172 ejus,
1108 1112 1424 1156 narraverunt
1456 1107 1499 1156 ei

0 1190 5 1221 ἱ
47 1180 53 1186 ’
84 1182 327 1233 decretum
364 1187 507 1249 Pape.
549 1183 725 1234 Aderat
765 1184 913 1233 eciam
951 1199 1112 1233 comes
1153 1183 1380 1242 Artbesii,
1417 1184 1499 1249 qui

0 1267 21 1315 j.
83 1260 330 1325 requisivit
354 1260 518 1310 videre
537 1260 738 1319 bullam;
765 1277 910 1326 quam
934 1277 1043 1310 cum
1068 1260 1222 1310 dictus
1246 1261 1500 1327 episcopus

0 1348 8 1401 ζ·
84 1336 248 1387 ivisset
271 1337 510 1403 quesitum
526 1343 576 1387 et
600 1338 741 1388 vellet
762 1337 1015 1388 ostendere
1038 1337 1158 1403 ἡδὶ,
1187 1337 1315 1387 idem
1338 1353 1499 1387 comes

0 1403 10 1466 [²
84 1414 288 1463 Arthesii
305 1415 512 1465 extraxit
535 1431 641 1464 eam
661 1414 724 1465 de
747 1415 964 1465 manibus
979 1415 1081 1482 ejus
1093 1419 1160 1473 et,
1181 1431 1238 1465 ea
1257 1415 1494 1475 dilaniata,

84 1490 283 1557 projecit
306 1491 354 1540 in
379 1492 538 1558 ignem
556 1492 636 1558 qui
661 1498 762 1541 erat
785 1492 833 1542 in
859 1508 1046 1542 camera
1066 1492 1195 1559 regis
1218 1510 1229 1541 ε
1258 1509 1499 1559 quaprop-

0 1594 6 1602 =
83 1572 159 1617 ter
187 1567 331 1633 aliqui
361 1585 471 1619 eum
504 1570 885 1635 increpaverunt,
919 1569 996 1619 alii
1027 1585 1143 1619 vero
1174 1585 1286 1619 non.
1321 1573 1380 1618 Et
1412 1586 1499 1619 rex

85 1643 234 1694 eciam
261 1645 382 1694 dixit
404 1646 534 1711 quod
562 1646 702 1696 nichil
730 1651 914 1696 teneret
937 1645 998 1695 de
1022 1639 1326 1696 ordinacione
1350 1649 1494 1712 pape,

85 1720 169 1770 sed
196 1722 379 1788 treugis
405 1722 566 1779 fluitis,
598 1724 807 1773 mitteret
835 1723 1051 1773 homines
1081 1739 1325 1773 armorum
1355 1740 1500 1790 super

85 1797 300 1848 inimicos
321 1815 451 1850 suos.

148 1878 348 1935 Interea,
370 1876 631 1927 secumlum
647 1875 919 1943 opinionem
934 1876 1270 1942 quorumdam,
1286 1883 1499 1944 pretacta

0 2011 2 2013 ,
83 1951 344 2011 occasione,
366 1953 483 2002 moti
509 1959 620 2003 sunt
636 1953 795 2003 animo
818 1953 1022 2003 barones
1040 1954 1313 2004 Alemannie
1333 1962 1498 2005 contra

9 2071 12 2074 .
82 2045 246 2096 regem
265 2029 552 2088 Alemannie,
577 2037 627 2080 et
644 2030 742 2080 dux
761 2032 965 2091 Austrie,
985 2037 1122 2098 capta
1142 2048 1317 2099 guerra
1332 2038 1498 2083 contra

8 2095 12 2122 ³
84 2122 194 2157 eum
230 2111 454 2173 tanquam
493 2113 657 2173 caput,
696 2108 904 2158 ostendit
937 2109 979 2158 ei
1018 2109 1222 2175 qualiter
1254 2110 1499 2161 traditorie

0 2223 2 2227 ,
83 2185 291 2250 egerat&
327 2184 410 2234 Cui
434 2200 521 2233 rex
554 2184 828 2251 Radulphus
850 2186 1118 2251 respondit,
1154 2186 1283 2252 quod
1309 2203 1404 2236 non
1432 2187 1500 2237 sic

0 2283 11 2316 s
83 2265 185 2309 erat
207 2266 254 2310 et
277 2260 405 2326 quod
431 2278 482 2311 se
503 2261 624 2312 bene
643 2262 950 2312 deffenderet.
979 2266 1202 2328 Tuncque
1226 2263 1497 2329 assignave-

3 2338 13 2406 ³.
85 2342 197 2385 runt
226 2336 370 2396 diem,
396 2353 490 2403 qua
519 2338 695 2387 bellum
722 2338 895 2387 inirent
920 2344 968 2388 et
999 2338 1166 2388 eadem
1193 2339 1270 2389 die
1295 2341 1495 2407 prefixa,

4 2398 8 2462 J
86 2417 318 2461 venerunt
355 2429 478 2463 unus
516 2420 681 2463 contra
725 2415 927 2464 alterum
969 2432 1121 2480 prope
1165 2419 1374 2474 Renum,
1417 2417 1499 2467 ubi

3 2488 17 2563 ’ἶ
87 2487 243 2537 locum
279 2489 564 2556 elegerant³.
615 2495 761 2541 Erant
799 2499 958 2541 autem
996 2509 1106 2542 cum
1148 2492 1269 2543 duce
1310 2493 1498 2544 Austrie

136 2624 172 2661 1.
194 2624 386 2674 L’eveque
404 2625 451 2664 de
470 2626 662 2664 Durham.
684 2627 741 2665 La
763 2629 973 2675 Chroniquo
998 2630 1207 2666 numanae
1226 2629 1356 2678 ajoute
1375 2629 1399 2666 ὲ
1417 2629 1500 2668 ceci

51 2693 54 2699 ’
88 2693 162 2732 que
182 2682 239 2720 les
260 2683 394 2722 lettres
412 2685 656 2733 pontificales
675 2686 806 2725 furent
826 2687 996 2725 confiees
1014 2687 1038 2724 ὁ,
1057 2686 1231 2738 Γόνόῳιο
1252 2689 1302 2737 (p.
1325 2690 1398 2737 ss).

135 2741 170 2779 2.
192 2742 248 2780 La
270 2743 478 2792 chronique
495 2747 713 2791 normantia,
733 2751 819 2785 tout
837 2758 888 2784 en
909 2746 1122 2796 abi-egeant
1146 2747 1170 2784 a
1189 2747 1346 2797 l'exces,
1367 2759 1501 2798 repro·

6 2839 17 2842 ,.
89 2800 172 2839 duit
190 2802 225 2839 le
245 2803 373 2840 meme
395 2804 492 2842 tecit
512 2813 560 2853 (p.
585 2805 657 2853 13).

137 2860 172 2902 3.
196 2861 291 2899 Pres
315 2862 362 2900 de
389 2863 512 2911 Spire.
535 2864 591 2902 La
609 2865 765 2903 bataille
791 2866 848 2904 rut
875 2866 993 2905 livree
1013 2867 1049 2906 le
1068 2867 1091 2905 2
1108 2867 1237 2916 J'uillet
1258 2868 1374 2915 129&
1395 2869 1497 2907 voici
