1838 3164
129 254 234 300 1285]
399 255 771 291 cunouoommu
796 256 950 290 uam!
973 256 1252 291 muconmt.
1485 252 1530 289 23

125 341 223 384 tem
255 334 459 384 duorum
489 334 688 383 fratrum
718 349 911 382 suorum
943 334 1289 398 predictorum,
1323 334 1405 399 qui
1434 333 1533 382 sine

125 410 298 460 herede
323 411 641 468 decesserunt,
664 408 978 474 principatum
997 410 1056 458 de
1074 411 1302 460 Tharenta
1320 416 1369 460 et
1386 410 1535 475 impe-

126 487 251 536 rium
285 484 867 550 constantinopolitanum,
904 501 1013 534 cum
1046 487 1312 552 principatu
1345 485 1532 543 Acbaie,

126 564 438 613 obvenerunt.
477 561 675 622 Quintus
712 577 827 610 vero
868 561 1071 611 filiorum
1117 563 1340 627 sepedicti
1380 562 1537 612 Karoli

126 640 310 699 Claudi,
348 639 474 706 regis
509 637 680 695 Sicilie,
718 637 895 687 scilicet
929 638 1027 687 dux
1064 637 1124 687 de
1161 639 1399 698 Dirachio,
1439 646 1539 688 tres

127 718 249 767 filios
270 716 430 766 babuit
453 734 463 764 ε
487 714 829 781 primogenitus
855 715 941 764 fuit
965 715 1063 764 dux
1088 715 1307 773 Dirachii,
1330 716 1411 780 qui
1431 722 1539 781 post

130 799 331 843 mortem
356 793 502 858 patris
526 792 574 840 in
596 807 796 841 uxorem
819 791 953 841 duxit
978 791 1211 841 minorem
1239 791 1383 841 tiliam
1406 791 1539 841 ducis

128 870 355 928 calabrie,
374 885 591 919 sororem
605 868 823 918 videlicet
840 884 1115 934 germanam
1130 868 1343 919 Johanne
1358 869 1536 935 regine,

128 963 271 1013 quem
307 946 595 1006 Ludovicus,
637 962 723 995 rex
763 945 1026 1011 Hungarie,
1073 946 1383 995 consobrinus
1419 946 1538 1011 ejus,

128 1024 177 1074 iu
206 1023 461 1074 vindictam
490 1022 618 1072 necis
648 1022 775 1088 regis
804 1022 990 1073 Andree
1021 1022 1180 1072 fratiis
1202 1023 1293 1081 sui,
1321 1021 1542 1071 decollari

129 1101 262 1159 fecit3
308 1099 545 1150 secundus
582 1099 674 1149 fuit
715 1099 1002 1158 Ludovicus,
1056 1099 1139 1165 qui
1183 1099 1332 1149 filium
1381 1098 1542 1149 habuit

130 1178 318 1228 nomine
356 1177 579 1228 Karolum
593 1214 606 1236 ,
650 1181 965 1242 cognomento
1004 1175 1066 1226 de
1103 1180 1219 1227 Pace
1232 1214 1245 1236 ,
1288 1176 1370 1242 qui
1412 1182 1542 1241 post—

130 1253 328 1305 modum
368 1254 627 1305 Johannam
640 1291 652 1311 ,
695 1253 909 1319 reginam
950 1253 1103 1303 Sicilie
1144 1254 1537 1320 prenominatam,

130 1331 395 1389 interemit;
445 1330 620 1380 tercius
673 1331 863 1380 nomine
913 1330 1172 1390 Robertus,
1228 1331 1329 1380 sine
1380 1331 1542 1381 liberis

130 1408 332 1458 decessit
367 1426 378 1457 z
413 1407 595 1458 occisus
625 1408 750 1457 enim
788 1413 861 1457 est
893 1407 941 1457 in
983 1408 1107 1457 bello
1144 1408 1428 1467 pictavensi,
1461 1409 1541 1458 ubi

128 1484 380 1543 Johannes,
413 1487 700 1533 Francorum
724 1500 828 1542 rex,
856 1491 1021 1533 contra
1045 1484 1382 1542 Edowardum‚
1411 1485 1542 1549 prin-

129 1562 283 1628 cipem
312 1561 458 1613 Walie
473 1599 487 1619 ,
520 1560 886 1627 primogenitum
920 1560 1069 1612 fllium
1102 1561 1379 1619 Edonum-di,
1414 1561 1542 1627 regis

131 1639 318 1705 Anglie,
355 1637 606 1695 dimicans,
645 1637 706 1686 ab
738 1636 906 1687 eodem
943 1637 1156 1703 principe
1188 1643 1356 1703 captus
1387 1644 1462 1687 est
1493 1645 1542 1686 et

130 1715 179 1765 in
203 1714 421 1781 Angliam
438 1713 627 1774 ductus,
646 1713 766 1764 sicut
784 1713 845 1763 de
864 1713 955 1763 hiis
969 1714 1191 1764 omnibus
1215 1714 1398 1780 plenius
1422 1714 1542 1764 infra

130 1790 407 1857 pandemus.

194 1867 420 1933 Denique,
443 1870 584 1917 Petro
601 1883 714 1933 rege
732 1867 994 1934 Amgonie
1014 1868 1062 1917 in
1087 1867 1269 1917 malicia
1292 1868 1543 1933 pertinaci·

127 1951 204 1996 ter
222 1945 503 2011 persistente
528 1951 575 1995 et
601 1950 765 1994 contra
795 1945 1036 1994 ecclesiam
1065 1952 1114 1994 et
1139 1945 1391 1995 vassallum
1420 1947 1543 2012 ejus-

129 2022 262 2080 dem,
306 2021 480 2070 scilicet
518 2021 742 2071 Karolum
779 2038 942 2087 regem
987 2020 1161 2079 Sicilie,
1199 2022 1354 2071 acrius
1390 2023 1545 2072 insur-

131 2104 294 2167 gente,
334 2100 459 2163 Papa
496 2097 743 2156 MartinuS,
785 2097 864 2162 qui
905 2098 1132 2163 Gregorio
1172 2106 1462 2148 successerat
1497 2100 1543 2148 in

132 2179 324 2241 papatu,
343 2190 401 2223 co
419 2173 508 2225 sibi
527 2173 705 2224 rebello
723 2180 771 2223 et
789 2173 1060 2224 adversario
1082 2174 1275 2224 ecclesie
1299 2182 1544 2240 comperto

133 2251 314 2302 dudum
334 2251 738 2310 anathematizato,
765 2268 821 2302 ac
844 2251 1038 2300 demum
1070 2251 1326 2300 baronibus
1356 2252 1453 2303 suis
1482 2252 1544 2301 ab

134 2328 234 2395 ejus
257 2327 479 2379 fidelitate
509 2328 752 2387 absolutiS‚
785 2345 979 2377 suorum
1010 2328 1208 2377 fratrum
1240 2328 1413 2379 scilicet
1443 2345 1545 2379 car-

134 2403 356 2454 dinalium
380 2403 592 2462 consilio,
613 2404 771 2469 ipsum
795 2409 1018 2469 tanquam
1038 2403 1352 2454 scismaticum
1370 2411 1417 2453 et
1434 2404 1543 2454 hos-

132 2488 231 2530 tem
245 2480 437 2531 ecclesie
454 2481 836 2546 condempnavit,
855 2496 1150 2547 regnumque
1167 2497 1304 2531 suum
1322 2498 1377 2531 ac
1394 2487 1542 2531 totam

132 2563 309 2606 terram
339 2573 472 2606 suam
501 2557 737 2624 Philippo,
768 2558 869 2624 regi
901 2561 1209 2616 Francorum,
1247 2575 1338 2624 pro
1370 2559 1543 2608 Karolo

134 2632 231 2682 tilio
263 2649 366 2691 suc,
399 2634 568 2684 comite
591 2634 777 2693 Valesii,
810 2651 897 2701 per
920 2634 1298 2699 prenominatum
1328 2651 1466 2685 suum
1495 2642 1543 2685 et

136 2710 328 2761 ecclesie
344 2726 537 2761 romane
553 2711 756 2776 legatum
770 2711 918 2771 dedit,
937 2728 1086 2777 usque
1104 2711 1150 2762 in
1167 2718 1383 2777 quartam
1399 2729 1541 2778 gene-
