1838 3164
106 291 211 339 ¹302]
377 294 749 329 cunonoumnu
773 294 927 328 mun
950 294 1231 328 mucosum
1439 292 1508 330 ¹03

166 375 315 422 Porro
340 372 610 424 Guillelmus
633 372 694 422 de
710 372 905 429 Julioco‚
927 378 1182 437 postquam
1207 372 1415 422 lucratus
1434 378 1508 423 est

101 449 308 516 Bergbes
336 466 444 500 cum
469 448 795 514 Bourbourgo,
823 448 1140 514 Pauperinga¹
1167 454 1216 498 et
1237 448 1503 508 Bailleolo',

100 527 229 576 venit
266 527 326 576 ad
362 527 599 577 Casselum
627 530 676 574 et
707 523 895 574 obsedit
929 529 1138 574 castrum
1172 524 1504 591 undequaque,

101 621 282 654 necnon
297 604 528 654 bellicosis
546 602 797 653 assultibus
814 602 939 667 cepit
959 601 1257 667 impugnare,
1285 603 1508 653 resisten-

23 721 26 723 >
101 681 229 731 tibus
258 682 380 731 intra
409 680 491 746 qui
520 678 761 730 commissi
789 684 925 728 erant
954 695 1015 727 ex
1039 684 1174 743 parte
1205 679 1348 744 regis.
1386 683 1507 730 Dum

100 774 217 808 vero
226 757 436 824 prefatus
444 756 712 808 Guillelmus
720 755 1503 816 obsideretCassellum,Johannes,

101 850 261 884 comes
286 833 536 891 Namurcii,
562 848 672 883 cum
695 833 946 883 comitibus
969 832 1030 882 de
1055 831 1213 882 Marka
1237 839 1286 882 et
1311 832 1508 899 d’Espa-

27 943 37 953 -
100 910 268 970 ochsn,
297 910 489 959 domino
519 910 650 960 Cuko
673 917 722 959 et
745 910 906 960 multis
928 909 1031 959 aliis
1055 909 1328 968 militibus³,
1350 909 1508 975 junxit

24 1007 37 1014 ·<
99 1005 151 1039 se
175 986 560 1038 Gandavensibus
582 992 630 1038 et
653 987 743 1037 illis
770 987 833 1037 de
852 990 1032 1037 Franco
1058 992 1107 1036 et
1129 993 1233 1037 11110'
1257 987 1503 1036 Mestariis.

98 1064 275 1126 Quibus
310 1063 503 1129 quidem
541 1064 797 1131 assumptis
811 1103 824 1123 ,
861 1064 947 1114 ivit
982 1063 1110 1131 apud
1146 1065 1425 1115 cunracum
1459 1069 1508 1112 et

97 1141 284 1193 obsedit
306 1147 515 1192 castrum
538 1142 657 1208 ejus.

162 1221 344 1270 Interea
357 1235 475 1268 vero
487 1219 746 1285 Philippus,
758 1235 845 1269 rex
864 1219 1075 1278 Francie,
1088 1218 1283 1269 miserat
1291 1216 1353 1268 ad
1366 1219 1508 1268 Sano-

95 1300 199 1347 tum
217 1295 539 1347 Audomarum
560 1296 859 1363 Radulphum
874 1296 935 1347 dc
951 1296 1143 1363 Nigella,
1167 1294 1508 1346 conestabulla-

96 1373 220 1424 rium
243 1390 399 1432 suum,
420 1389 531 1423 cum
555 1373 679 1423 mille
698 1379 746 1423 et
762 1373 1033 1440 quingentis
1057 1372 1326 1423 bominibus
1349 1387 1508 1423 armo-

97 1466 205 1500 rum
236 1456 289 1499 ut
323 1450 579 1500 cassellum
621 1450 891 1500 obsidentes
930 1451 1181 1516 impeteret
1214 1455 1264 1499 et
1299 1448 1508 1498 obsessis

96 1533 415 1586 succurreret3
436 1527 510 1576 cui
527 1526 775 1592 Radulpbo
792 1526 918 1592 apud
944 1529 1166 1577 Sanctum
1185 1526 1507 1577 Audomarum

97 1603 298 1653 relatum
318 1610 391 1653 est
414 1604 543 1669 quod
567 1620 743 1671 paucos
768 1604 897 1653 viros
922 1604 1123 1653 habebat
1146 1604 1207 1653 ad
1231 1603 1507 1653 solvendam

96 1680 391 1731 obsidionem
421 1698 431 1730 :
460 1680 568 1730 ideo
599 1681 728 1731 misit
756 1680 816 1730 ad
843 1696 1024 1747 regem,
1054 1680 1137 1746 qui
1161 1681 1419 1731 insinuaret
1441 1681 1503 1739 ei,

95 1757 225 1824 quod
249 1757 388 1824 longe
411 1757 567 1807 minor
586 1758 629 1807 ei
654 1764 755 1807 erat
777 1764 1069 1807 armatorum
1093 1757 1247 1824 copia.

160 1839 261 1886 Rex
279 1850 395 1900 ergo
411 1834 652 1884 mandavit
675 1834 952 1892 Robertum‚
974 1835 1197 1884 comitem
1217 1835 1439 1892 Arthesii,
1458 1839 1506 1883 et

96 1911 279 1979 rogavit
311 1928 421 1961 eum
452 1918 505 1961 ut
533 1927 772 1978 guerram,
801 1912 905 1962 loco
936 1912 1026 1972 sui,
1053 1918 1217 1962 contra
1242 1912 1507 1978 Flamingos

20 2048 22 2052 .
98 1995 359 2040 assumeret
378 1995 426 2038 et
450 1989 580 2055 quod
604 1988 814 2039 traderet
838 1990 879 2038 ei
904 1995 977 2038 tot
1002 1989 1215 2038 homines
1242 1995 1361 2055 quot
1386 1989 1507 2039 indi-

147 2125 179 2163 1.
202 2123 463 2173 poperingho,
483 2123 574 2162 ville
593 2123 641 2161 de
661 2123 699 2161 la
717 2122 885 2161 Flandre
905 2123 1160 2162 occidentale.

143 2182 180 2222 2.
201 2182 381 2230 Bailleul,
402 2182 524 2231 Nord,
552 2182 886 2221 arrondissement
911 2182 1220 2230 d'Hazebrouck,
1246 2182 1433 2221 chef-lieu
1458 2182 1506 2221 de

99 2247 256 2282 canton.
287 2242 463 2292 Philipps
495 2242 531 2281 le
563 2242 635 2281 Bel
666 2242 770 2280 avait
800 2242 930 2280 donne
959 2248 1061 2281 cette
1092 2243 1202 2290 place
1230 2242 1253 2280 a
1283 2242 1430 2280 Robert
1458 2242 1506 2281 de

101 2301 283 2348 Wavrin,
304 2301 486 2350 seigneur
503 2301 550 2340 de
571 2301 884 2349 siunt-Venena
915 2307 970 2347 et,
991 2302 1209 2350 lorsqu’elle
1236 2301 1370 2339 tomba
1393 2307 1506 2340 entre

98 2360 155 2398 les
166 2360 296 2398 mains
309 2359 378 2399 des
390 2361 585 2409 ennemis,
597 2361 631 2398 le
646 2361 703 2399 roi
717 2360 965 2399 l’indemnisa
979 2372 1047 2398 sur
1060 2361 1095 2398 le
1109 2361 1265 2399 Tresor.
1279 2360 1392 2408 (Bibl.
1405 2367 1505 2410 nst„

98 2418 165 2457 lat.
186 2418 294 2467 9783,
314 2418 378 2457 fol.
402 2419 467 2458 104
486 2420 557 2467 ν’.)

143 2477 179 2516 3.
201 2478 257 2516 Le
277 2477 552 2517 continuateur
563 2477 611 2517 de
632 2477 855 2516 Guillaume
875 2478 923 2517 de
942 2478 1091 2527 Nangis
1112 2489 1162 2516 ne
1181 2488 1351 2528 manque
1370 2489 1440 2526 pas
1457 2479 1505 2517 de

98 2537 270 2586 signsler
282 2537 318 2576 le
331 2537 453 2586 grand
473 2538 634 2577 nombre
647 2538 695 2577 de
709 2538 921 2587 soudoyers
937 2538 1152 2576 allemands
1166 2538 1232 2587 qui
1245 2543 1507 2576 accoururent

99 2605 190 2633 sous
216 2595 273 2633 les
297 2594 506 2634 bannieres
531 2595 599 2634 des
626 2596 794 2635 revoltes
821 2601 863 2643 (t.
888 2596 917 2643 1,
941 2608 978 2644 p.
1001 2596 1097 2642 318).
1118 2595 1174 2634 Cf.
1202 2596 1363 2634 Grandes
1388 2597 1505 2634 Chro-

98 2656 227 2700 πέρησε
257 2656 297 2700 (t.
327 2653 379 2700 V,
405 2665 442 2702 p.
473 2654 568 2703 ¹38).
599 2655 656 2693 La
687 2656 895 2702 miransque
923 2656 1129 2692 normands
1156 2666 1199 2693 se
1225 2654 1347 2693 borne
1375 2655 1399 2692 ὲ.
1423 2654 1506 2693 dire

99 2712 162 2761 qu'
177 2725 193 2747 α
210 2723 306 2750 avec
321 2723 386 2751 ces
398 2712 500 2751 deux
517 2714 671 2761 princes
692 2715 821 2753 t'urent
842 2725 992 2752 aucuns
1006 2714 1223 2753 chevaliers
1241 2725 1339 2762 pour
1352 2714 1408 2753 les
1421 2714 1506 2752 Fla·

104 2784 121 2804 «
142 2781 256 2808 mans
276 2770 441 2808 aidier...
467 2784 484 2807 ι
507 2773 554 2820 (p.
577 2773 648 2819 18).
